2956 4838
588 203 786 263 ..7-

104 379 302 463 praepositio
325 379 449 461 scripta
472 382 534 457 est3
552 399 654 460 qnare
677 399 716 442 ne
739 399 778 442 ea
797 377 929 460 quidem
946 397 1029 462 quae
1044 379 1183 462 protulit
1198 379 1276 444 huic

106 468 286 552 quaestioni
310 489 348 533 ex
373 467 461 532 omni
483 474 579 550 parte
602 466 779 531 sufficiunt.
792 466 815 552 ¹)

91 603 94 610 ν
190 554 257 622 Sed
280 557 361 621 haec
384 557 554 635 hactenus3
579 563 681 619 restat
705 563 742 620 ut
765 557 878 638 paucis
902 556 1049 637 indicem,
1075 577 1138 639 quo
1163 557 1275 621 ordine

103 667 153 711 res
176 645 334 728 opusculo
365 666 435 709 meo
463 650 667 710 tractaturus
697 645 770 709 sim:
803 645 959 710 disseram
991 647 1133 728 primum
1164 645 1204 709 de
1234 647 1275 710 iis

102 735 209 799 verbis
233 755 372 817 compp,
397 755 577 816 quaecum
601 735 812 798 remotionem
835 735 885 799 vel
910 736 1149 818 separationem
1173 735 1272 817 signi·

99 823 207 903 fiuent,
232 830 290 887 ant
306 846 379 887 cum
395 844 506 907 praep.
532 823 577 910 (a,
596 812 644 901 de,
663 823 716 905 ex)
741 829 984 903 construuntur,
1010 829 1069 887 aut
1089 844 1160 887 oum
1178 823 1274 887 nudis

99 913 242 994 casibus,
267 912 411 976 ablativo
434 912 484 977 vel
508 911 628 975 dativo.
661 909 763 995 Cujus
784 913 891 994 partis
914 913 1051 976 alterum
1075 917 1176 995 caput
1198 934 1272 975 con·

99 1001 219 1066 tinebit
239 1001 339 1066 verba
355 1023 429 1065 cum
451 1022 492 1081 ,a,
510 1000 559 1081 de,
578 1000 626 1064 ex'
651 1021 785 1083 praepp.
805 1001 992 1083 composita,
1018 1002 1157 1065 alterum
1174 1001 1272 1065 verba

99 1112 275 1174 cumpro,
301 1090 371 1169 sub,
396 1089 457 1169 dis,
482 1111 539 1169 se,
565 1089 624 1154 re·’
641 1110 783 1172 compp.;
808 1088 923 1154 deinde
940 1111 978 1154 ea
995 1090 1144 1154 tractabo
1160 1090 1269 1170 verba,

99 1179 280 1263 inquibus,
306 1200 380 1243 cum
396 1179 576 1261 composita
591 1179 657 1243 sint
673 1199 745 1242 cum
766 1199 898 1263 praepp.
923 1178 996 1260 „ad,
1021 1184 1105 1258 ante,
1132 1199 1200 1257 con,
1227 1179 1269 1258 in,

102 1270 193 1348 inter,
219 1267 272 1349 ob,
297 1273 380 1351 post,
405 1288 493 1351 prae,
516 1267 587 1349 sub,
605 1271 734 1350 super“,
760 1268 994 1351 conjunctionis
1010 1269 1059 1331 vis
1076 1267 1159 1331 inest
1175 1289 1272 1350 quae·

105 1378 165 1440 qne
187 1361 247 1421 aut
269 1357 469 1440 praepositio
493 1362 551 1420 aut
575 1356 705 1420 dativus
729 1357 886 1439 sequitur.
934 1355 992 1421 Ad
1019 1361 1195 1422 extremum
1220 1377 1272 1420 ex·

106 1466 229 1529 ponam,
244 1467 405 1527 quaenam
417 1444 514 1509 verba
523 1466 596 1509 cum
607 1467 741 1528 praepp.
752 1446 905 1525 „circum
920 1467 986 1529 per,
996 1451 1135 1529 praeter,
1146 1449 1270 1524 trans“,

105 1555 228 1618 oompp.
249 1555 398 1616 quaeque
415 1535 561 1617 priorum
578 1535 723 1617 partium
740 1537 873 1618 proprie
896 1535 1106 1600 intransitiva
1127 1534 1272 1597 transiti=

103 1645 173 1688 vam
185 1624 351 1706 accipiant
366 1624 431 1686 vim
452 1628 484 1687 et
497 1629 669 1707 propteroa
686 1624 907 1688 accusativum
921 1624 1116 1688 adsciscant.
1141 1621 1272 1705 Appen·

101 1713 183 1777 dicis
207 1712 280 1777 loco
304 1718 460 1794 quartum
483 1712 626 1795 adjungo
650 1718 759 1796 caput,
784 1733 850 1794 quo
873 1713 989 1792 verba,
1023 1733 1107 1795 quae
1130 1713 1272 1793 regimen

100 1802 254 1883 ,aliquem
270 1800 382 1883 aliqua
399 1802 442 1865 re’
468 1801 657 1881 admittunt,
683 1807 720 1865 ut
742 1801 907 1882 „intendo
927 1802 1119 1884 adspergo“,
1146 1821 1272 1865 enume-

100 1897 237 1955 raturus
262 1912 342 1954 snm.
389 1888 567 1954 Praeterea
596 1890 657 1955 loci
687 1890 815 1973 aliquot
843 1891 979 1956 tractati
1011 1890 1091 1974 quid
1115 1909 1272 1953 commen-

99 1980 229 2045 tatione
266 2001 338 2044 mea
372 1978 416 2044 H.
457 1979 656 2043 carminibus
691 1986 778 2046 recte
818 1979 1044 2064 intellegendis
1083 1978 1271 2062 profuerim,

100 2069 335 2134 demonstrant.

670 2267 706 2348 Ι.

417 2435 477 2503 De
505 2433 688 2503 ablativo
716 2434 961 2517 separative.

670 2620 711 2687 A.

230 2767 347 2834 Verba
371 2783 449 2832 cum
473 2785 532 2849 ‚‚a,
555 2766 609 2846 de,
635 2766 706 2833 ex“
729 2783 873 2850 praepp.
899 2767 1104 2850 composita.
1117 2763 1144 2851 2)

651 2925 725 3012 qr.

190 3068 349 3153 Sequitur
393 3068 523 3133 dativus
570 3067 751 3148 ablativus,
788 3069 1004 3152 praepositio;
1040 3068 1096 3132 sed
1127 3069 1205 3152 quia
1243 3075 1275 3132 et

103 3160 218 3223 tertius
245 3163 277 3223 et
294 3165 405 3247 sextus
421 3177 644 3241 casus-parem
668 3157 824 3223 babentes
848 3157 1074 3223 exitum-nude
1097 3159 1137 3222 iis
1161 3156 1273 3241 adjun-

103 3254 236 3332 guntur,
262 3267 492 3330 saepenumero
508 3245 642 3310 difficile
658 3252 707 3310 est
728 3247 920 3330 dijudicatu,
944 3254 1021 3311 utra
1044 3253 1209 3312 structura
1232 3247 1273 3310 ab

99 3337 146 3402 H.
171 3334 321 3402 adbibita
345 3336 402 3414 siu
428 3357 530 3419 quare
553 3341 590 3400 ut
613 3336 717 3418 legem
741 3335 905 3419 quandam
928 3357 1140 3418 normamque
1156 3357 1272 3419 cogno·

100 3447 232 3505 onerem,
259 3447 357 3509 quarn
374 3430 504 3489 secutus
528 3430 627 3507 poeta
649 3424 749 3490 verba
772 3431 989 3506 construeret,
1015 3425 1165 3508 equidem
1189 3426 1274 3489 hanc

98 3517 189 3580 viam
220 3515 386 3598 ingressus
419 3535 507 3599 sum:
545 3514 661 3597 collegi
693 3535 731 3578 ea
762 3515 921 3598 exempla,
959 3536 1043 3596 quae
1074 3514 1273 3578 dubitationi

99 3605 231 3671 omnino
247 3603 355 3668 locum
370 3624 434 3668 non
448 3603 616 3686 praebent,
642 3623 745 3686 eaque
758 3605 805 3668 ita
817 3604 903 3667 inter
916 3624 950 3668 so
962 3602 1093 3684 contuli,
1112 3608 1149 3668 ut
1162 3603 1271 3686 qualis

99 3750 315 3757 n--o————

195 3817 217 3885 ¹)
237 3817 307 3870 alias
321 3816 534 3869 dissertationes
549 3815 583 3869 de
597 3834 623 3870 v.
637 3833 660 3869 o.
674 3817 828 3880 institutas,
848 3833 920 3883 quae
934 3832 1030 3868 omnes
1049 3816 1079 3868 in
1097 3815 1273 3884 perficienda

99 3905 166 3942 mea
184 3889 424 3943 commentatione
443 3904 500 3940 nou
519 3887 668 3955 neglectae
688 3893 762 3951 sunt,
782 3887 880 3940 attulit
898 3886 1024 3940 Keller
1043 3887 1095 3950 „de
1115 3905 1140 3940 v.
1155 3906 1177 3939 c.
1197 3888 1274 3955 apud

99 3958 269 4017 Lucretium
288 3965 357 4013 usu“
384 3959 448 4011 diss.
474 3957 540 4011 Hal.
561 3962 595 4014 80
613 3962 696 4027 ΡΜ
722 3977 785 4011 ann.
810 3958 911 4026 quibus
935 3957 1009 4012 adde
1029 3957 1273 4012 Schneemann

100 4030 155 4096 „de
174 4049 200 4085 v,
221 4048 284 4085 cum
305 4048 422 4100 praepp.
442 4047 553 4099 oompp.
575 4030 650 4098 apud
670 4029 773 4084 Catull.
793 4029 898 4084 Tibull.
918 4029 1004 4098 Prop.
1024 4034 1184 4084 structura“
1203 4027 1271 4083 Hal.

101 4101 168 4157 Sax-
188 4102 254 4158 diss.
273 4105 316 4157 81.

194 4189 218 4260 ’)
237 4191 273 4245 de
292 4189 454 4245 discrimine
473 4189 639 4258 principalis
658 4189 902 4258 praepositionum
915 4188 1040 4242 notionis
1054 4189 1097 4242 his
1110 4189 1204 4242 verbis
1223 4190 1271 4242 ad·

99 4265 252 4316 unctorum
278 4262 312 4316 ef.
341 4261 590 4330 Schneemann·
613 4261 631 4313 l.
659 4279 681 4314 o.
706 4278 753 4329 pg.
778 4264 809 4324 9,
834 4260 883 4313 ubi
908 4260 956 4313 alii
981 4265 1184 4314 enumerantur
1207 4260 1272 4315 VV.

100 4330 179 4399 DI).;
204 4333 240 4388 de
262 4332 434 4387 formatione
457 4332 609 4384 verborum
636 4349 747 4401 oompp.
770 4330 827 4383 Ηο.
861 4330 896 4385 of.
915 4331 1129 4386 Rothmaler
1154 4332 1207 4396 „de
1226 4331 1273 4397 H,

96 4403 266 4477 jverbormu
282 4404 459 4469 iuventore“,
478 4403 542 4457 diss.
561 4403 656 4474 inaug.
675 4401 769 4457 Berol.
791 4405 858 4457 1863
876 4420 925 4473 pg.
944 4406 977 4458 32
996 4419 1055 4470 sqq.

1025 4490 1062 4545 q*
