2956 4838
630 189 829 252 ,9-

271 366 428 451 Sequitur
529 364 660 427 dativus
808 366 972 431 ablativus

441 474 722 503 n--*-····s
747 471 1030 505 f-——ae--q

454 510 486 591 o)
506 529 588 590 pera
613 508 645 589 b)
670 510 714 570 rei
758 513 790 591 o)
811 531 892 591 pers.
918 512 949 592 b)
973 513 1019 573 nei

930 616 1081 701 {fornice

926 704 939 783 'l
957 727 1040 770 urna

292 794 428 878 expedio
925 801 1013 858 metu

288 885 389 967 ¹exilio
925 883 1020 948 domo

292 979 384 1038 exsto
925 995 1010 1055 aqua

291 1068 467 1145 extorqueo
491 1062 543 1125 cui

292 1153 429 1216 extraho
923 1150 1021 1214 turba

293 683 371 726 ΘΧΘΟ

230 1329 382 1413 Apparet
405 1329 508 1411 igitur
531 1328 718 1412 hujusmodi
743 1329 914 1393 verborum
931 1333 1131 1393 structuram
1148 1328 1311 1413 duplicem

138 1420 232 1504 apud
256 1419 302 1482 H.
328 1423 472 1497 exstare3
497 1419 577 1482 haec
601 1418 684 1481 enim
708 1440 822 1482 norma
846 1419 1000 1482 constitui
1024 1424 1148 1500 potest:

230 1507 394 1591 „Sequitur
424 1509 559 1580 ‹latit-as,
592 1509 619 1568 si
645 1519 742 1570 rivetus
770 1532 789 1568 n
808 1530 942 1591 persono
957 1509 1181 1595 propemedum
1212 1511 1314 1571 eodeni

137 1602 231 1662 niodo
263 1619 297 1660 ea
326 1596 511 1658 svabetantien.
542 1620 617 1680 φωρ,
644 1619 791 1679 personne
819 1597 882 1658 loro
910 1606 1095 1679 nsanpontnr
1127 1609 1179 1657 ovet
1207 1598 1314 1660 tralato

134 1709 287 1773 personae
309 1687 369 1746 eim
400 1687 551 1768 arripiunt
582 1686 636 1771 (if.
662 1689 797 1768 praedor
820 1710 843 1747 a.
871 1710 895 1747 r,
927 1686 1054 1768 cleliam),
1091 1697 1312 1748 ronnrmonor.

138 1779 324 1839 Arlaeivcunt
355 1797 422 1836 reno
452 1775 540 1837 verbo
571 1776 622 1836 illc
646 1798 748 1837 navum
778 1786 909 1848 ..vertiam
946 1777 973 1836 si
1000 1798 1059 1838 non
1079 1797 1239 1858 persono
1262 1779 1315 1838 aed

138 1890 195 1929 ree
220 1867 262 1927 eie
286 1865 429 1948 orlJ'venoto
452 1875 526 1929 est.“
975 1933 982 1948 ·

230 1952 431 2017 Addendum
470 1959 519 2016 est
561 1960 700 2036 utroque
739 1955 808 2018 loco
852 1954 1125 2037 praepositionem
1160 1955 1313 2036 usurpari

140 2064 253 2127 posse:
279 2040 365 2124 quod
389 2042 467 2123 quia
490 2063 548 2124 per
572 2064 605 2106 se
629 2045 709 2107 satis
734 2045 944 2127 inpromptu
968 2048 1025 2124 est,
1051 2064 1115 2107 nou
1135 2042 1239 2107 habeo
1256 2065 1313 2107 cur

138 2133 289 2215 exempla
313 2132 421 2194 omnia
445 2154 529 2213 quae
553 2132 706 2211 legantur
730 2135 763 2195 in
787 2138 961 2214 conspectu
984 2153 1113 2215 ponam.

229 2222 351 2303 Itaque
368 2221 425 2303 qui
441 2221 502 2284 loci
519 2220 613 2285 uobis
637 2222 752 2285 incerti
776 2221 935 2302 videntur,
961 2243 1000 2286 ex
1026 2222 1178 2305 analogia
1202 2242 1314 2286 eorum

138 2313 197 2395 qui
221 2312 310 2375 omui
330 2308 503 2373 locutionis
525 2309 730 2374 dubitatione
747 2317 872 2392 vacant,
898 2318 985 2375 recte
1002 2310 1146 2394 intellegi
1162 2316 1312 2393 possunt;

137 2407 215 2466 sunt
237 2420 316 2464 vero
339 2398 420 2462 haec
443 2399 557 2462 verba:

367 2521 402 2608 1)
426 2523 553 2595 verba
577 2546 664 2588 cum
690 2528 747 2605 „a“
774 2547 912 2609 praep.
938 2545 1091 2608 compp.

270 2630 428 2714 Sequitur
530 2631 659 2695 dativus
807 2632 971 2697 ablativus

437 2747 720 2859 Trea-W
744 2746 1027 2859 {maffia

291 2881 373 2947 abeo
479 2881 628 2964 superbis

289 2971 387 3055 abigo
602 3040 606 3046 ,
914 2972 1019 3055 epulis

291 3060 452 3144 abrumpo
490 3059 646 3124 Perithoo

291 3149 447 3215 abscindo
546 3196 549 3201 -
917 3150 1008 3214 soldo

282 3239 415 3314 ¹absisto
915 3240 1001 3304 bello

290 3329 457 3393 absterreo
916 3330 1005 3393 vitiis

292 3416 405 3481 absum
914 3419 1038 3483 chartis

292 3506 404 3571 aufero
489 3508 675 3572 fautoribus

292 3616 406 3660 averro
917 3619 1029 3662 mensa

916 3696 927 3770 1
948 3688 1058 3767 lucris,

249 3737 403 3795 ‘averto
919 3770 927 3839 ι
1010 3799 1016 3812 ,
1115 3777 1121 3787 .

948 3783 1140 3840 mercaturis

348 3900 383 3985 2)
406 3900 536 3965 verba
561 3923 648 3965 cum
674 3900 762 3983 „dc‘
790 3922 928 3983 praep.
953 3923 1107 3983 compp.

295 4051 414 4116 decedo
461 4009 610 4105 iperitis'
917 4076 1041 4119 summo

464 4106 473 4177 t
486 4097 646 4181 Hymetto

295 4185 424 4250 decutio
913 4188 1003 4254 silvis

945 4277 1045 4358 silviS,

296 4319 418 4390 deduco
946 4367 1054 4432 animo
