2956 4838
572 176 791 238 ..23-

180 349 307 414 Eodem
341 349 436 414 modo
471 350 633 432 simplicia
663 349 835 414 nonnulla:
868 370 937 412 curn
970 348 1102 413 famulis
1134 371 1269 433 operum

90 438 282 525 solutis¹)
311 437 349 504 O.
380 438 436 503 ΙΠ
460 445 546 518 17„;
571 441 761 522 regnavit
784 439 979 522 populorum
1002 435 1208 520 O.11130„;
1239 447 1271 505 et

89 529 194 592 miror
216 528 322 592 morbi
345 535 568 611 purgatum
592 536 623 591 te
648 529 735 591 illius
760 527 792 594 S.
811 527 849 591 Π
874 531 938 605 32⁷3
972 528 1270 612 damnatusque

91 616 183 699 longi
208 615 369 702 Sisyphus
393 615 550 681 Aeolides
573 617 699 680 laboris
723 615 761 681 O.
787 617 826 680 Π
852 615 973 702 14„;‘·')
1003 660 1006 665 «

183 702 291 788 Quam
325 707 389 771 sibi
421 706 604 771 libertatern
634 707 733 770 etiam
764 707 820 770 alii
854 711 1081 770 concesserunt
1108 712 1233 789 poetae,
1244 706 1270 793 3)

90 795 151 878 qni
177 799 363 877 „quasunt
387 797 620 860 sententiarum
644 797 832 877 granditate
856 817 894 859 ac
917 796 1070 874 novitate,
1096 797 1144 859 ita
1160 796 1269 878 etiam,

91 885 275 948 orationem
299 885 342 949 ad
366 885 426 948 has
450 886 627 948 sententias
651 885 746 966 digne
770 884 943 949 exibendas
968 886 1057 948 nevis
1075 885 1270 967 quibusdam

91 975 293 1038 ornamentis
331 974 505 1039 decorant“
552 973 689 1055 ideoque
722 996 742 1037 a
773 973 961 1056 vulgaribus
990 973 1102 1038 formis
1135 995 1173 1038 ae
1200 995 1269 1039 ver·

90 1062 210 1126 borum
234 1062 532 1146 conjungendorum
556 1063 788 1128 consuetudine
812 1062 974 1126 interdum
998 1064 1162 1127 aberrant.
1221 1063 1269 1127 At

90 1151 298 1215 Horatianos
323 1174 404 1235 quos
428 1152 527 1215 attuli
551 1153 638 1216 locos
663 1173 771 1215 omnes
788 1153 892 1234 primo
908 1151 953 1215 H.
976 1173 1109 1235 poeseos
1126 1158 1270 1235 tempore

91 1247 185 1305 ortos
225 1240 370 1305 videmus
410 1261 493 1324 esse;
534 1263 598 1322 qua
640 1262 675 1304 re
699 1242 772 1325 jure
800 1241 1030 1305 affirmaverim
1058 1263 1130 1305 eum
1157 1248 1272 1325 postea

91 1331 354 1394 constructiones
385 1337 454 1394 tam
481 1331 657 1394 inusitatas
689 1337 720 1394 et
751 1352 771 1394 a
799 1330 911 1413 lingua
935 1330 1159 1395 Romanorum
1193 1353 1270 1414 quo·

90 1419 278 1499 dammodo,
312 1421 339 1483 si
368 1440 482 1485 aevum
510 1419 718 1502 Augusteum
742 1424 938 1502 spectantia,
972 1420 1184 1484 abhorrentes
1207 1442 1271 1485 res-

91 1509 206 1592 puisse
232 1529 364 1591 seseque
388 1509 431 1573 ad
455 1508 654 1572 cotidianum
678 1510 834 1573 sermonis
858 1532 953 1573 usum
977 1510 1181 1573 convertisse.

185 1596 252 1662 Sed
287 1599 315 1661 si
347 1599 447 1663 talem
481 1598 653 1661 verberum
682 1600 952 1663 consociationem
984 1599 1135 1680 legimus,
1165 1599 1271 1682 qualis

92 1687 257 1772 pedestris
282 1689 438 1752 sermonis
462 1687 592 1750 modum
618 1687 752 1766 excedit,
777 1687 1005 1769 inquirendum
1022 1693 1079 1769 est,
1106 1693 1216 1753 utrum
1233 1710 1272 1753 ex

93 1777 179 1841 alius
205 1777 312 1859 gentis
336 1778 483 1840 oratione
507 1797 577 1839 earn
602 1776 781 1840 derivatam
806 1800 848 1841 an
871 1777 913 1840 ad
938 1778 1089 1860 proprias
1111 1777 1271 1860 quasdam

91 1866 190 1930 latini
227 1867 384 1930 sermonis
419 1866 506 1948 leges
543 1865 758 1929 revocandam
792 1867 834 1930 ad
863 1867 996 1949 ejusque
1019 1888 1165 1931 normam
1189 1867 1271 1930 diiu-

92 1953 272 2019 dicandam
300 1976 368 2019 esse
396 1976 598 2033 censeamus;
629 1954 668 2017 de
700 1977 765 2036 qua
793 1957 982 2037 rpiiaestione
1010 1977 1205 2038 magnopere
1228 1956 1270 2024 V.

92 2044 135 2112 V.
162 2043 204 2109 D.
230 2043 273 2107 D.
298 2044 383 2108 inter
406 2066 474 2108 sese
498 2041 742 2128 dissentiunt.⁴)
788 2044 901 2125 Atque
924 2051 960 2107 ut
984 2066 1109 2128 semper
1131 2045 1271 2126 fuerunt,

92 2134 152 2217 qui
177 2154 390 2215 quaecunque
414 2134 454 2198 ab
479 2134 611 2196 usitatis
636 2135 858 2214 grammaticis
883 2134 1009 2216 iegibus
1034 2135 1209 2198 abhorrere
1225 2137 1270 2199 vi·

93 2223 224 2303 dentur,
257 2224 516 2304 „graecismum‘·'
548 2243 616 2286 esse
641 2223 871 2295 existimarent,
882 2222 909 2308 ⁵)
935 2225 982 2287 ita
1006 2224 1104 2286 etiam
1128 2224 1181 2287 hie
1204 2224 1270 2306 ple-

92 2333 232 2394 rumque
261 2317 292 2376 et
323 2313 527 2394 grammatici
551 2319 582 2375 et
606 2312 764 2374 librorum
788 2312 928 2391 editores
956 2313 990 2375 in
1020 2313 1084 2376 illis
1117 2313 1272 2395 genetiuis

93 2399 298 2466 Graecorum
314 2401 528 2466 imitationem
542 2400 786 2482 deprehendunt
802 2422 920 2482 eosque
933 2424 971 2465 ex
984 2399 1114 2466 Graeca
1127 2403 1272 2466 oratione

93 2490 245 2554 derivare
269 2512 333 2554 non
357 2490 508 2554 dubitant
533 2490 589 2575 (cf.
608 2489 772 2552 Haustein
789 2490 808 2553 1.
827 2488 870 2575 0.)
917 2489 990 2554 Alii
1008 2531 1051 2538 —
1067 2496 1104 2554 ut
1118 2489 1271 2555 Sanctius

92 2581 129 2644 in
160 2579 247 2643 libro
283 2601 341 2643 suo
371 2580 593 2661 grammatico,
627 2579 682 2659 qui
712 2579 903 2642 inscribitur
929 2581 1099 2660 ,Minerva‘
1126 2618 1170 2626 —
1199 2601 1272 2643 con·

94 2668 302 2732 suetudinem
326 2670 419 2733 illam
442 2668 563 2732 Latino
587 2667 727 2731 sermoni
750 2668 926 2749 vindicant,
953 2669 1008 2733 sed
1025 2670 1081 2748 ita,
1107 2674 1144 2732 ut
1167 2669 1274 2752 ellipsi

95 2757 295 2821 substantivi
320 2758 488 2842 cujusdam
511 2780 579 2820 10111
603 2755 777 2838 expediant
801 2758 854 2839 (ef.
879 2757 1044 2821 Haustein
1068 2758 1088 2822 1.
1114 2779 1140 2822 0.
1165 2780 1219 2840 pg.
1238 2763 1272 2837 63

96 2845 209 2910 Rudd.
242 2846 282 2910 Π
311 2853 374 2912 122
404 2870 476 2911 ann.
507 2845 593 2930 33.):
628 2867 707 2926 quos
739 2853 867 2909 secutus
892 2848 991 2910 etiam
1014 2847 1207 2928 Kruegerus
1231 2847 1274 2910 ad

101 2933 135 3001 S.
156 2935 196 3000 H
220 2938 282 3011 aa:
329 2937 405 3018 ,ille
429 2937 540 3000 ciceris
566 2934 693 2998 invidit‘
721 2935 858 2999 adnotat
885 2937 1035 3019 ,eopiam‘
1067 2957 1135 3000 esse
1156 2937 1273 3000 subau-

191 3169 213 3237 ¹)
233 3169 341 3221 solutus
362 3168 496 3235 adjuncto
517 3166 571 3218 abl.
591 3165 698 3232 legitur
718 3183 760 3232 ep.
782 3168 823 3223 21:
844 3163 959 3217 Solutus
979 3166 1055 3217 omni
1074 3165 1185 3234 fenore,
1206 3165 1234 3220 S.
1255 3166 1271 3219 I

93 3245 167 3301 6120:
189 3239 348 3292 solutorum
368 3240 470 3291 misera
490 3237 644 3289 ambitione
664 3238 810 3304 gravique.

190 3310 213 3379 2)
234 3311 285 3363 alii
307 3316 372 3363 sunt
396 3310 529 3378 genitivi,
555 3310 603 3376 qui
623 3307 654 3360 Ο.
675 3307 720 3360 IV
739 3312 779 3366 937
803 3307 961 3372 „abstinens
976 3349 981 3361 .
997 3350 1002 3360 .
1016 3309 1169 3374 pecuniae“
1192 3313 1221 3361 01
1240 3308 1272 3364 Ο.

93 3381 147 3436 III
163 3386 224 3442 1910
247 3381 401 3448 „Rixarum
420 3385 595 3434 metuentes“
618 3380 767 3447 leguntur:
788 3379 835 3445 qui
850 3378 977 3444 genetivi
990 3396 1048 3430 non
1067 3380 1147 3432 verbi
1166 3381 1203 3444 vi,
1223 3381 1273 3433 sed

91 3453 219 3524 proprie
238 3454 455 3521 participiorum
475 3470 565 3520 praes.
586 3452 797 3504 constructione
817 3449 988 3503 efficiuntur.

188 3524 296 3577 Contra
315 3524 338 3577 Ο
359 3523 391 3575 H
414 3529 458 3583 114
488 3541 555 3589 „nee
579 3522 705 3590 trepides
724 3522 753 3573 in
774 3540 853 3573 usum
872 3521 1015 3588 poscentis
1034 3521 1096 3573 aevi
1115 3526 1222 3589 pauca“
1244 3527 1273 3575 01

93 3596 128 3652 Ο.
150 3595 198 3650 lV
218 3601 272 3655 11⁸:
305 3595 359 3662 „Ec
384 3595 552 3662 quandoque
571 3594 718 3662 potentior
736 3593 824 3658 Largi
844 3592 1007 3644 muneribus
1027 3593 1123 3644 riserit
1142 3594 1272 3658 aemuli“,

93 3685 220 3736 quorum
240 3667 294 3720 loc.
314 3669 411 3734 priore
430 3665 677 3733 Dillenburgerus,
697 3665 788 3716 altere
802 3662 946 3715 Nauckius
966 3664 1130 3730 genetivum
1150 3682 1166 3716 a
1184 3666 1272 3718 verbe

93 3739 181 3792 finito
202 3739 328 3806 pendere
348 3738 500 3801 existimat,
522 3743 599 3789 recte
619 3737 707 3788 ceteri
728 3736 860 3797 editores,
881 3735 947 3800 quia
967 3735 1022 3787 1001
1042 3736 1126 3787 aliter
1142 3736 1272 3804 intellegi

94 3815 227 3880 possunt,
246 3809 412 3862 inusitatam
432 3809 511 3861 illam
531 3809 771 3861 constructionem
792 3806 951 3873 repudiant.

192 3881 214 3947 3)
233 3881 275 3933 ita
295 3883 371 3948 apud
391 3880 478 3948 Verg.
499 3880 619 3947 legitur:
639 3879 711 3931 Aen.
732 3878 760 3929 X
779 3881 843 3929 l-ll:
864 3877 1000 3929 desistere
1020 3895 1146 3945 pugnae3
1172 3878 1209 3932 ib.
1228 3877 1273 3930 XI

98 3956 164 4007 126:
184 3951 361 4005 Juslitiaene
380 3953 458 4019 prius
478 3952 565 4003 mirer
583 3950 689 4003 belline
710 3948 857 4002 laborum?
873 3981 907 3989 ν-
922 3949 989 4000 Alia
1003 3950 1133 4016 exempla
1152 3951 1274 4004 collecta

96 4030 166 4078 sunt
185 4023 261 4092 apud
279 4022 373 4075 Rudd.
394 4022 426 4074 ΙΙ
445 4040 492 4090 pg.
515 4026 572 4074 1⁶20.

189 4093 408 4163 4)01.Κ10111,
438 4095 472 4146 de
497 4094 576 4147 verb.
606 4092 755 4160 separandi
776 4091 851 4159 apud
872 4089 936 4143 Tae.
957 4095 1070 4156 struet,
1095 4092 1159 4144 diss.
1179 4093 1274 4162 inaug.

96 4166 166 4219 Hal.
186 4164 251 4219 Sex.
274 4169 341 4220 1878
360 4184 407 4234 pg.
428 4169 460 4217 25
481 4166 559 4230 adn.;
580 4164 759 4216 Haustein
779 4164 797 4214 l.
818 4181 840 4214 e.
861 4160 908 4229 pg.
929 4162 983 4216 off.

191 4237 214 4305 ⁶)
230 4239 290 4306 jam
310 4237 407 4305 Quint.
427 4235 472 4287 IX
492 4240 532 4295 317
555 4241 651 4288 censet
670 4235 861 4286 Horatianum
887 4234 958 4285 illud
985 4233 1128 4299 „invidere
1149 4251 1172 4286 c.
1192 4238 1272 4303 gen.“

99 4308 296 4363 Graecismum
317 4327 384 4361 esse.
405 4305 471 4373 („ex
491 4325 594 4372 gracco
614 4326 681 4358 vero
704 4306 842 4357 translata
864 4307 919 4375 [vel
935 4306 1050 4357 Sallusti
1066 4305 1206 4373 plurima.
1219 4305 1273 4378 ..1

98 4380 147 4439 vel
164 4378 278 4451 Horati,
298 4398 363 4439 narn
382 4380 412 4437 id
432 4379 553 4430 maxime
572 4379 690 4453 probat:
712 4394 780 4442 „nec
801 4377 901 4430 ciceris
922 4381 1006 4446 ete.“)

1024 4469 1043 4519 «ὅ
1047 4465 1062 4497 ss
