2956 4838
680 233 902 298 „56-

203 415 301 496 cadit,
334 420 443 479 utram
471 413 609 497 singulis
638 412 719 476 locis
763 411 992 496 intellegamus
1021 416 1239 496 structuram
1275 433 1378 496 neque

204 503 405 586 ecquidem,
431 523 514 586 quae
538 500 634 590 affert
657 499 810 566 Kritzius
834 502 877 566 ad
900 501 981 568 Sall.
1006 499 1079 568 Oet.
1093 501 1147 586 Π,
1176 501 1378 582 „ablativum

202 600 274 660 tum
304 598 433 658 tantum
461 613 535 658 cum
558 591 667 654 dativo
690 591 872 672 permutari
894 612 1004 673 posse,
1041 611 1114 655 cum
1140 591 1274 656 verbum
1295 592 1377 675 ejus·

204 681 293 748 modi
316 682 369 762 sit,
396 686 489 747 utet
513 702 586 745 cum
610 679 737 761 objecto
761 680 853 743 tertii
877 701 972 745 casus
996 680 1151 763 conjungi
1173 686 1206 745 et
1229 679 1379 746 absolute

207 772 285 855 poni
308 771 422 853 possit,
457 791 495 834 ea
518 790 553 833 re
576 791 634 852 per
658 767 838 833 ablativum
861 769 1025 851 adjuncta,
1050 789 1116 849 qua
1139 766 1174 832 id
1198 768 1287 851 quod
1310 791 1378 835 101-

203 861 282 925 bum
305 858 474 942 significet,
504 856 686 922 efficiatur“
716 862 803 921 certe
830 858 978 939 quamvis
1005 863 1093 922 recte
1124 859 1190 922 sint
1213 857 1302 938 dicta
1325 881 1378 924 ne

205 955 269 1031 que
296 949 368 1012 ideo
400 947 568 1030 repudiari
597 945 738 1029 possint,
771 946 903 1029 caligini
927 945 1146 1030 dispellendae
1168 947 1264 1029 paria
1288 956 1377 1030 sunt,

204 1057 344 1120 namque
366 1037 401 1100 id
424 1037 505 1101 satis
529 1036 645 1100 tritum
669 1039 717 1098 est
740 1035 885 1117 singulos
910 1036 1085 1118 scriptores
1101 1036 1192 1099 verbi
1208 1037 1378 1121 cujusdam

205 1128 272 1194 ,11111
294 1147 333 1191 ac
355 1126 520 1191 notionem
543 1125 643 1189 alium
667 1124 763 1188 aliter
786 1124 990 1205 intellexisse,
1016 1130 1056 1188 ut
1076 1125 1164 1206 quod
1187 1124 1241 1189 hic
1263 1147 1322 1208 per
1345 1149 1379 1193 se

206 1216 288 1281 satis
311 1214 479 1280 definitum
503 1235 541 1278 ac
564 1213 816 1278 determinatum
839 1218 981 1296 putaret,
1006 1213 1061 1278 ille
1076 1213 1203 1297 adjecto
1216 1215 1377 1281 attributo

206 1305 390 1370 accuratius
423 1301 753 1367 circumscribendum
781 1308 940 1367 censeret:
975 1303 1097 1384 itaque,
1132 1308 1168 1368 ut
1191 1303 1281 1385 quod
1304 1305 1374 1388 ipse

205 1392 357 1458 Kritzius
381 1390 477 1457 affert
501 1391 683 1473 exemplum
706 1391 959 1474 contemplemur
983 1392 1140 1476 (intentus
1157 1392 1256 1456 alicui
1271 1395 1319 1458 rei
1334 1433 1377 1442 -

205 1484 351 1548 intentus
384 1519 427 1528 -
455 1481 598 1545 intentus
627 1480 739 1561 aliqua
773 1478 823 1565 re)
858 1485 942 1544 certe
969 1502 1035 1545 non
1065 1480 1107 1545 ab
1140 1482 1236 1546 unius
1273 1484 1378 1566 cujus·

205 1592 268 1653 que
295 1571 465 1654 scriptoris
494 1569 633 1633 arbitrio
663 1569 844 1651 sejunctum
874 1575 958 1650 erat,
983 1575 1095 1634 utrum
1119 1591 1196 1650 rem,
1222 1571 1256 1635 in
1281 1593 1378 1655 quam

205 1662 271 1727 sire
294 1660 347 1724 oui
370 1660 444 1741 quis
468 1659 612 1722 intentus
637 1663 727 1737 esset,
754 1657 936 1721 addendam
956 1664 1087 1741 putaret
1105 1660 1375 1741 omittendamne;

204 1749 352 1831 sequitur
378 1754 415 1811 ut
446 1748 594 1830 quaestio
623 1746 796 1831 dijudicari
827 1769 891 1811 non
922 1748 1035 1829 possit,
1065 1748 1127 1812 nisi
1158 1768 1214 1812 eae
1243 1751 1377 1816 voculae

205 1842 325 1918 extant,
351 1838 384 1901 in
400 1838 519 1919 quibus
543 1858 638 1900 casus
662 1836 779 1901 tertius
803 1841 835 1900 et
859 1843 969 1901 sextus
992 1858 1058 1900 non
1074 1837 1224 1901 similiter
1240 1839 1374 1919 cadant3

205 1932 320 1990 contra
342 1926 400 1991 ubi
423 1942 480 1991 eae
503 1932 680 2008 usurpatae
703 1930 779 1989 sunt
803 1946 886 2007 quae
898 1929 1037 2006 utroque
1053 1926 1087 1990 in
1103 1947 1181 1990 casu
1195 1927 1228 1991 in
1245 1928 1375 1994 easdem

204 2015 332 2086 litteras
360 2021 487 2096 exeunt,
517 2016 580 2079 nisi
604 2015 689 2079 aliae
712 2015 856 2078 rationes
885 2013 1018 2079 adrem
1042 2015 1288 2098 dijudicandam
1311 2040 1377 2083 mo-

206 2110 315 2168 menta
343 2104 504 2186 quaedam
533 2102 684 2184 afferunt,
714 2104 747 2167 in
785 2102 885 2168 dubio
919 2104 1150 2187 relinquendae
1182 2111 1268 2171 sunt.
1328 2106 1378 2173 At

205 2194 284 2257 vitio
312 2199 404 2258 verto
432 2192 580 2273 Ditteli0,
611 2192 699 2274 quod
728 2193 836 2256 omnia
866 2193 913 2256 ita
941 2193 1110 2273 tractavit,
1136 2215 1174 2257 ao
1198 2195 1226 2259 si
1250 2217 1378 2280 semper

206 2304 279 2346 cum
306 2282 418 2347 dativo
447 2288 728 2348 construerentur:
761 2280 872 2346 eodem
898 2283 970 2364 jure
994 2283 1072 2347 item
1096 2284 1153 2365 qui
1177 2283 1217 2348 de
1240 2285 1378 2350 ablativi

205 2393 266 2435 usu
293 2371 480 2436 Horatiano
512 2371 692 2453 scripturus
720 2376 778 2450 est,
808 2372 955 2454 exempla
983 2372 1055 2452 illa,
1080 2372 1137 2436 ubi
1161 2372 1202 2437 D.
1227 2373 1375 2440 dativum

205 2461 332 2541 statuit,
356 2482 417 2543 pro
441 2460 594 2525 ablativis
617 2460 803 2543 lucretur.¹)

294 2547 373 2614 Jam
404 2551 438 2613 in
462 2549 480 2636 ξ
505 2553 548 2614 14
571 2549 673 2614 011010
697 2554 785 2629 sunt,
811 2571 884 2613 cum
905 2549 979 2632 jure
1002 2551 1102 2614 etiam
1125 2551 1165 2615 de
1189 2551 1299 2616 dativo
1324 2575 1375 2618 co·

207 2639 307 2722 gitari
330 2639 443 2720 possit,
473 2639 587 2703 verba:
621 2638 784 2718 adsuesco,
811 2637 984 2720 confundo,
1011 2641 1186 2721 consentio,
1212 2643 1375 2724 continuo,

206 2729 388 2810 insenesco,
413 2729 545 2801 insud0,
570 2727 712 2809 intendo,
738 2728 950 2809 intermisceo,
975 2728 1094 2810 quibus
1118 2730 1171 2794 hic
1195 2730 1281 2795 addo
1306 2753 1379 2796 cum

207 2816 351 2882 ablativo
376 2822 575 2882 constructa:

295 2906 328 2991 1)
352 2907 455 2971 abdo
479 2928 508 2970 a.
531 2918 633 2990 part:
657 2906 779 2972 Nullus
804 2914 939 2990 argento
964 2907 1053 2971 color
1069 2913 1118 2972 est
1130 2910 1238 2973 avaris
1251 2909 1377 2975 Abdito

208 2995 305 3059 terris
328 2992 368 3059 Ο.
392 2995 432 3059 ΙΙ
455 3000 506 3081 2,;
532 2995 677 3078 Vejanus
702 2997 800 3060 armis
823 2996 978 3061 Herculis
1002 2996 1044 3060 ad
1065 3003 1190 3079 postem
1204 2996 1278 3063 fixis
1296 2998 1377 3064 latet

206 3083 341 3154 abditus
365 3106 454 3168 agro.
506 3086 568 3167 Ep.
594 3085 613 3149 I
638 3090 683 3170 1,.
730 3085 766 3150 b:
792 3108 819 3152 1.
845 3087 913 3149 dn:
937 3085 1049 3168 thue
1071 3086 1140 3168 lupi
1164 3087 1301 3153 barbam
1324 3111 1379 3153 10-

209 3174 280 3242 riae
311 3194 384 3238 cum
412 3174 507 3238 dente
536 3173 690 3238 colubrae
721 3173 919 3238 Abdiderint
946 3174 1062 3238 furtim
1084 3177 1182 3239 terris
1211 3175 1376 3264 8184„

208 3283 272 3344 quo
296 3262 366 3328 loco
390 3262 583 3346 Kruegerus
606 3284 657 3327 me
681 3263 886 3346 improbante
910 3263 1054 3327 dativum
1070 3264 1233 3348 intellegit
1249 3273 1379 3332 secutus

207 3350 308 3436 Verg.
340 3350 425 3417 Aen.
457 3349 560 3416 Hm:
590 3352 686 3417 lateri
710 3353 826 3435 capulo
850 3359 944 3418 tenus
969 3352 1098 3417 abdidit
1121 3375 1237 3419 ensem.
1262 3394 1304 3403 —
1328 3355 1380 3420 De

208 3440 314 3506 forma
337 3439 377 3509 Ο,
401 3441 536 3526 1114„
563 3441 692 3522 ,militia
716 3441 947 3506 simulFessas
972 3443 1121 3506 cohortes
1145 3441 1272 3510 abdidit
1290 3446 1379 3529 oppi-

206 3529 268 3594 dis‘
291 3552 320 3595 v.
345 3529 364 3617 ξ
389 3535 432 3595 14
455 3552 480 3595 s.
504 3553 533 3596 1.
559 3530 654 3594 addo.

176 3642 178 3644 ·
294 3620 328 3704 2)
352 3619 574 3684 abscondo:
602 3619 784 3703 Postquam
811 3627 844 3685 te
875 3621 961 3685 talos
985 3671 992 3685 .
1016 3671 1023 3685 .
1045 3670 1052 3685 .
1076 3642 1237 3704 nucesque
1264 3623 1331 3687 vidi
1348 3674 1377 3690 ..
1402 3622 1405 3627 ⁴

206 3709 293 3772 cavis
317 3707 516 3773 abscondere
539 3710 666 3773 tristem
690 3708 723 3774 S.
748 3709 787 3773 Π
812 3715 882 3787 3„,.
1400 3721 1403 3725 ’

296 3797 331 3882 3)
356 3797 551 3882 demergo:
576 3796 615 3864 O.
645 3798 705 3862 ΙΙΙ
736 3803 819 3875 16„:
855 3799 969 3863 domus
998 3799 1038 3864 ob
1066 3800 1193 3864 lucrum
1220 3799 1379 3867 Demersa

205 3886 314 3953 0111110.

290 3976 328 4061 ft)
352 3975 510 4042 adbibo:
543 3975 641 4046 Nunc
672 3976 790 4042 adbibe
822 3999 904 4061 puro
926 3977 1064 4042 Pectore
1094 3977 1191 4042 verba
1211 4000 1293 4061 puer
1313 3981 1376 4064 Ep.

204 4065 310 4152 Ia,

298 4295 319 4365 ¹)
341 4294 454 4365 Quanto
474 4313 524 4350 suo
544 4295 686 4351 arbitratu
704 4295 842 4350 Dittelius
861 4315 922 4350 rem
941 4298 1124 4362 tractaverit,
1153 4300 1274 4366 apparet
1301 4299 1377 4364 inde,

206 4367 284 4436 quod
297 4366 399 4432 verbis,
413 4367 569 4433 immorior,
589 4367 744 4421 insenesco‘
766 4368 894 4421 dativum
912 4369 1048 4435 vindicat,
1068 4369 1117 4424 sed
1130 4369 1217 4424 verbo
1237 4369 1375 4434 ,1110111011ί

205 4441 283 4497 certe
303 4439 404 4498 eodem
422 4439 722 4514 modo'intellegendo
741 4456 799 4496 non
817 4439 895 4496 item.
