2956 4838
624 165 846 227 -26-

149 335 188 403 Ο.
213 337 232 401 Ι
255 337 340 423 221.)
387 337 589 422 Quartum
613 344 661 403 est
685 361 784 421 genus
809 361 928 420 eorum,
954 361 1039 425 quae
1063 362 1229 421 ,accusare
1246 364 1327 407 con·
1366 404 1369 411 .

149 428 313 492 demnare‘
344 428 395 492 vel
423 429 621 492 contrarium
645 428 808 515 sonant:¹)
833 451 897 514 qno
922 431 955 493 in
979 451 1096 511 genere
1119 430 1260 495 Plautus
1286 454 1327 496 eo

149 517 305 598 procedit,
331 524 367 581 ut
391 518 487 581 etiam
511 517 610 580 verba
633 518 852 599 prehendencli
877 525 909 582 et
933 540 1015 603 quae
1038 519 1137 583 simili
1159 526 1238 584 sunt
1258 522 1328 604 sig·

148 604 334 669 nificatione
357 628 430 670 cum
454 607 610 689 genetivo,
636 613 813 688 construat,
838 614 876 671 ut
899 607 1020 671 Bacch.
1046 613 1127 673 950:
1163 609 1245 690 ,doli
1263 632 1328 693 ego

150 693 327 775 deprensus
363 699 460 760 sum‘:
502 693 556 783 [cf.
593 696 692 759 etiam
720 697 798 778 ejsd.
829 697 893 762 fab.
918 719 947 759 v.
973 701 1055 761 489:
1081 703 1129 777 ,ut
1151 698 1327 763 mulierem

151 783 268 864 capitis
293 806 356 848 non
379 784 540 866 perdam‘:
566 784 606 848 de
630 785 748 870 quibus
764 809 792 849 v.
811 784 939 865 Schaaf,
964 787 986 849 1.
1001 807 1027 849 c.
1046 809 1122 868 pgg.
1140 785 1325 876 43—44.]:

152 892 215 957 quo
240 879 366 954 spectat
389 871 427 938 Ο.
452 873 492 937 ΙΙ
518 876 608 958 14„:
634 873 816 953 ,damnatus
840 874 929 956 longi
953 875 1097 938 laboris.‘

240 960 265 1025 J
267 983 318 1025 am
341 963 369 1026 si
392 963 440 1026 ita
463 962 571 1026 omnia
594 963 653 1026 illa
669 964 807 1045 genetivi
823 965 970 1046 exempla
987 985 1025 1027 ex
1041 964 1170 1044 ingenio
1187 965 1328 1048 linguae

153 1049 279 1119 latinae
307 1052 465 1134 originem
493 1052 665 1131 duxerunt,
698 1073 738 1116 ne
768 1075 866 1116 unam
894 1053 1025 1138 quidem
1055 1052 1146 1116 illam
1170 1053 1326 1127 formam,

152 1159 235 1224 quae
264 1140 424 1204 classibus
458 1141 566 1204 allatis
595 1142 694 1204 inseri
717 1162 781 1205 non
804 1143 922 1224 potuit,
949 1181 989 1188 -
1014 1143 1163 1223 regnavit
1186 1143 1328 1225 populo·

153 1250 225 1292 rum
248 1266 292 1276 --
315 1231 529 1313 graecismum
553 1252 665 1313 sapere
689 1230 814 1295 confido
838 1232 948 1317 putari
972 1250 1080 1317 posse:
1112 1252 1187 1294 nam
1212 1253 1327 1317 quam-

157 1339 254 1402 quam
278 1318 383 1383 simile
405 1319 571 1402 prioribus
594 1319 615 1382 1.
640 1320 661 1384 l.
686 1321 887 1402 temporibus
911 1321 1092 1406 exemplum
1116 1341 1181 1384 non
1201 1321 1328 1405 iuveni-

155 1412 225 1488 tur,
266 1413 375 1472 tamen
421 1408 463 1472 ad
501 1408 750 1489 intellegendam
788 1411 1060 1473 constructionem
1096 1409 1327 1474 hellenismum

156 1495 306 1560 adhiberi
344 1497 415 1561 ideo
454 1518 535 1580 opus
573 1519 637 1560 non
676 1504 733 1577 est,
770 1500 847 1584 quia
874 1500 996 1563 locutio
1024 1499 1082 1562 illa
1110 1520 1149 1563 ex
1176 1499 1327 1584 ipsarum

104 1647 105 1651 ,
157 1585 288 1650 illarum
311 1586 332 1652 l.
357 1586 379 1650 1.
405 1588 619 1670 genuinarum
642 1587 792 1668 analogia
809 1589 955 1673 profecta
979 1609 1047 1652 esse
1070 1586 1222 1671 potest.²)

244 1672 352 1741 Atre
374 1697 460 1757 vera,
487 1677 514 1740 si
537 1676 667 1759 linguas
692 1682 724 1739 et
746 1675 900 1741 Latinam
921 1683 953 1740 et
968 1675 1127 1742 Graecam
1148 1677 1324 1759 intuemur,

154 1765 320 1846 miramur,
346 1766 432 1851 quod
456 1766 490 1829 in
513 1773 652 1851 utroque
676 1788 821 1830 sermone
845 1767 926 1831 tales
950 1788 988 1830 ac
1011 1767 1078 1830 fere
1102 1766 1205 1831 eidem
1230 1788 1323 1850 gene-

153 1853 211 1917 tivi
238 1875 302 1919 non
330 1855 444 1937 paucis
475 1855 582 1919 verbis
614 1863 837 1938 apponantur:
871 1877 970 1942 quare
994 1857 1072 1941 quia
1095 1861 1257 1941 quatenus
1281 1857 1323 1919 sit

152 1942 322 2025 probanda
351 1943 499 2008 doctrina
527 1946 779 2025 graecismorum
803 1945 947 2030 quidque
970 1946 1099 2026 ingenio
1124 1951 1326 2031 naturaeque

154 2032 175 2098 l.
200 2033 221 2098 l.
246 2033 475 2099 vindicandum
504 2035 546 2097 sit
584 2034 731 2112 vidimus
771 2056 833 2098 non
867 2035 934 2116 jam
969 2055 1087 2116 gravor
1122 2033 1324 2114 contendere,

154 2128 336 2188 structuras
367 2124 442 2187 illas
469 2163 512 2170 -
544 2123 630 2209 quod
655 2123 740 2186 idem
770 2124 905 2206 jamjam
929 2123 1092 2186 Haustein
1118 2122 1151 2210 [l.
1177 2144 1203 2185 o.
1230 2124 1325 2205 impr.
1383 2174 1384 2177 ¹

154 2231 207 2296 pg.
236 2208 289 2299 14]
316 2211 355 2276 de
378 2214 534 2294 genetiuis
560 2213 775 2294 adjectivis
799 2211 1049 2284 accommodatis
1073 2212 1201 2276 locutus
1219 2218 1269 2275 est
1284 2251 1325 2258 —

155 2321 223 2363 esse
246 2300 540 2384 indogernianicas‚
578 2304 598 2365 i.
624 2323 650 2367 e.
676 2323 714 2364 ex
749 2302 807 2365 illa
842 2302 956 2383 lingua
991 2308 1149 2380 servatas,
1186 2322 1226 2364 ex
1261 2323 1328 2386 qua

155 2391 260 2476 ,quasi
294 2393 455 2455 communi
489 2381 612 2455 matres
641 2397 672 2454 et
708 2388 835 2456 Graeca
870 2401 901 2453 et
935 2389 1058 2453 Latina
1093 2390 1206 2472 lingua
1241 2412 1327 2454 ema-

155 2480 261 2544 navit:
290 2503 374 2565 quae
396 2503 468 2545 mea
492 2483 678 2564 conjectura
701 2479 850 2544 firmatur
871 2501 908 2542 ea
931 2500 975 2559 re,
1001 2478 1089 2563 quod
1109 2479 1203 2542 video
1226 2479 1326 2543 etiam

155 2570 187 2633 in
211 2570 324 2653 lingua
352 2572 512 2635 sanserita
540 2571 622 2634 tales
651 2570 815 2650 genetivos
844 2589 1001 2653 persaepe
1023 2568 1131 2631 verbis
1155 2569 1286 2653 apponi.
1297 2567 1325 2654 3)

243 2659 393 2741 Formae,
419 2681 502 2742 quae
527 2666 657 2724 exstant
680 2657 719 2723 Ο.
744 2657 802 2721 ΠΙ
828 2663 919 2743 13„:
945 2657 1051 2736 ,Fies⁸
1070 2707 1077 2720 .
1096 2657 1268 2720 .fontium‘
1294 2665 1326 2721 et

154 2748 261 2831 Epi
285 2755 351 2834 9,3:
388 2748 514 2831 ,Scribe
542 2749 661 2832 gregis‘
693 2748 856 2830 genetivos
885 2747 941 2829 qui
972 2768 1039 2811 voc.
1076 2747 1250 2828 partitivos
1275 2746 1326 2810 vel

153 2839 352 2921 possessivos
389 2838 542 2902 exhibent
578 2859 681 2921 neque
704 2838 775 2900 ideo
801 2836 973 2920 generibus
998 2835 1092 2899 modo
1118 2835 1228 2898 allatis
1253 2857 1325 2918 per-

153 2927 337 2993 miscendae
360 2935 444 2992 sunt.
457 2925 484 3012 4)

247 3143 269 3210 ¹)
289 3141 323 3196 of.
343 3140 406 3194 Liv.
426 3141 453 3193 V
472 3144 519 3194 ⁴28:
554 3140 630 3208 ,quin
650 3139 709 3191 sine
729 3156 808 3190 mora
828 3138 888 3189 voti
907 3137 1100 3204 liberaretur,
1124 3136 1195 3188 XLI
1216 3140 1261 3189 19:
1282 3155 1325 3190 se·

153 3217 237 3266 natus
255 3231 307 3266 nee
326 3214 460 3266 liberavit
479 3213 539 3280 ejus
558 3212 782 3279 cnlpaeregen13
803 3209 873 3262 elios
894 3209 1019 3278 ejusdem
1040 3209 1137 3277 script.
1151 3209 1228 3261 locos
1241 3208 1326 3262 affert

153 3284 246 3337 Rudd.
289 3302 314 3338 θ’.
337 3288 421 3343 11914.

241 3303 325 3410 Hldi'rc
345 3356 496 3408 accusandi
516 3374 559 3409 vv.
580 3353 820 3407 constructionem
838 3351 944 3405 forensi
958 3370 1009 3404 usu
1023 3353 1211 3405 inveteratam
1225 3356 1327 3419 postea

152 3427 238 3480 latius
257 3427 400 3495 latiusque
420 3427 460 3479 ita
479 3444 618 3489 manasse,
648 3431 680 3477 ut
704 3424 790 3477 verba
814 3424 864 3476 illa
894 3425 979 3476 etiam
1008 3424 1042 3475 ab
1072 3424 1186 3492 optimis
1216 3422 1326 3475 Latini-

152 3499 220 3551 tatis
250 3499 437 3568 scriptoribus
466 3516 577 3566 semper
604 3497 664 3550 fere
693 3514 757 3549 cunr
780 3496 914 3564 genetivo
944 3500 1161 3564 usurparentur,
1193 3495 1254 3561 quis
1284 3499 1327 3547 est

172 3570 221 3622 uin
241 3570 333 3624 sciat?

153 3588 171 3638 q
243 3643 267 3712 ²)
288 3642 322 3696 ci.
343 3641 481 3695 Ziemer
502 3639 807 3711 „junggrammatische
828 3637 981 3706 streifziige
1001 3637 1038 3689 im
1058 3636 1172 3704 gebiete
1193 3637 1243 3688 der
1262 3655 1326 3704 syn-

153 3717 217 3766 tax“
238 3732 285 3783 pg.
307 3719 340 3770 43
361 3714 424 3767 coll.
445 3731 491 3782 pg.
512 3717 544 3765 52
565 3711 678 3779 (Nichts
698 3709 857 3777 hiinfigeres
877 3713 957 3777 etc.);
987 3708 1043 3761 Sed
1063 3714 1140 3761 errat
1159 3707 1193 3762 V.
1213 3707 1247 3760 D.
1268 3709 1326 3772 ille,

154 3785 230 3852 quod
243 3804 290 3854 pg.
305 3789 339 3840 98
353 3786 440 3839 etiam
453 3784 677 3837 constructiones
698 3782 775 3844 „voti
795 3786 935 3844 ,votorum
955 3786 984 3833 et
1003 3780 1130 3832 damnari
1150 3783 1179 3832 et
1192 3779 1326 3832 liberari·‘

154 3858 424 3926 ,analogiebildung‘
451 3856 533 3908 dicit:
564 3873 635 3922 quae
661 3855 775 3921 quidem
799 3852 886 3904 verba
906 3852 966 3918 jam
994 3851 1150 3918 antiquitus
1170 3869 1193 3903 c.
1213 3869 1239 3918 g.
1260 3869 1326 3903 con-

154 3933 263 3982 structa
283 3929 579 3994 constructionemque
603 3926 681 3977 illam
710 3926 860 3993 probatam
892 3923 1008 3991 propria
1039 3923 1056 3974 1.
1088 3923 1106 3975 1,
1138 3927 1240 3974 natura
1269 3941 1326 3976 ser-

153 4003 249 4053 vatam
269 4018 328 4053 esse
348 3999 493 4052 cotidiano
513 4017 564 4050 usu
584 4015 669 4065 supra
688 3998 818 4048 vidirnus.

245 4071 268 4140 ³)
289 4071 323 4125 cf.
343 4070 548 4124 Delbrueck
566 4070 584 4122 l.
599 4087 622 4121 c.
636 4072 814 4136 pg.3t)—43;
836 4065 975 4128 Sicche,
996 4065 1048 4128 „de
1062 4070 1155 4133 genet.
1170 4065 1199 4117 in
1218 4066 1236 4118 l.
1250 4083 1326 4118 sans·

154 4143 227 4196 crita
245 4143 383 4211 imprimis
403 4142 504 4195 vedica
524 4148 604 4205 usu“,
626 4142 689 4192 diss.
711 4141 805 4207 inaug.
827 4137 921 4190 Berol.
944 4141 1010 4190 18119
1030 4155 1078 4205 pg.
1098 4141 1131 4192 32
1152 4154 1211 4203 sqq.
1232 4137 1326 4205 (impr.

195 4218 254 4270 ‚33
283 4219 317 4267 411
345 4215 462 4277 4155.)

153 4233 193 4283 ΡΒ
244 4255 268 4354 ⁴l
288 4255 326 4338 eff
343 4288 358 4355 ξ
382 4289 455 4350 14915
485 4284 583 4336 eodem
609 4283 694 4336 modo
715 4286 911 4334 constructum
931 4285 973 4333 est
993 4280 1110 4333 verbum
1131 4279 1281 4341 ‚dedicare‘
1302 4298 1325 4335 c.

153 4357 267 4431 gemin
286 4364 469 4413 monumento
488 4354 670 4425 Furfonensi3
691 4353 729 4423 cf.¹
745 4351 865 4414 Jordan.
886 4352 904 4406 l.
924 4368 947 4404 c.
966 4369 1014 4421 pg.
1035 4354 1083 4404 ‘lul
1105 4351 1179 4407 med.
