2956 4838
626 178 845 239 ...18—

240 350 410 505 ᾗξζζῇη
435 357 449 506 l
475 397 554 459 mm
579 397 703 479 suque
728 429 769 450 =
794 353 942 454 Privatus
963 359 1059 508 lum}

704 485 712 491 „
794 464 905 524 privor

1085 396 1255 478 aliquare

240 529 475 606 abscindet

240 618 390 682 aufero
465 607 479 684 l

239 707 335 772 Duae
359 709 462 790 igitur
486 714 615 772 exstant
639 714 777 772 naturae
799 709 1027 790 notionesque,
1054 708 1095 771 ad
1120 731 1203 790 quas
1227 707 1328 771 verba

150 797 248 879 hujus
272 797 423 880 opusculi
446 799 550 881 partis
574 818 726 861 revocare
748 799 923 880 possimus:
966 797 1085 878 quibus
1110 797 1326 860 facultatibus

151 886 199 949 ita
215 885 260 948 H.
285 907 363 949 usus
388 892 446 967 est,
470 892 508 949 ut
531 907 605 950 cum
629 908 648 949 a
672 907 858 968 persona
882 886 994 968 aliqua
1017 893 1125 949 motus
1149 885 1202 965 fit,
1228 907 1327 966 nega-

65 1045 70 1053 ,
151 975 252 1038 tivam
275 975 439 1038 notionem
463 975 630 1057 praeferat
654 973 880 1057 adjungatque
903 975 1059 1052 dativum,
1086 975 1243 1038 contrusi
1266 995 1328 1037 res

151 1062 257 1127 altera
288 1063 329 1127 ab
354 1063 461 1126 altera
496 1070 657 1144 moretur,
694 1064 869 1145 positivam
899 1063 1069 1145 intellegat
1099 1063 1164 1125 vim
1189 1062 1328 1144 ideoque

151 1151 332 1216 ablativum
356 1151 523 1216 adhibeat.

504 567 604 630 alicui
630 565 755 648 aliquid
779 598 820 619 =
845 567 937 649 privo
961 567 1100 649 aliquem
1127 567 1203 660 aliq.
1229 585 1273 628 re.

699 1291 772 1378 ss.

240 1415 305 1482 Sed
329 1418 356 1481 si
381 1418 564 1481 universum
589 1418 790 1481 intuebimur
813 1440 983 1482 numerum
1000 1418 1179 1498 verborum,
1205 1418 1326 1499 quibus

151 1527 262 1591 praep.
288 1513 346 1571 aut
370 1507 482 1570 eadem
507 1512 564 1570 aut
588 1506 703 1570 similis
727 1508 768 1571 ab
794 1507 936 1571 Horatio
961 1508 1112 1593 apposita
1136 1513 1197 1586 est,
1224 1529 1326 1592 appa-

151 1595 236 1659 rebit
259 1616 324 1659 nou
347 1597 396 1660 ita
420 1617 515 1682 saepe
539 1596 628 1675 illas,
663 1597 689 1658 si
713 1596 756 1660 ad
781 1617 876 1660 casus
900 1597 985 1660 unde
1008 1597 1132 1682 positus
1157 1617 1326 1680 compara-

151 1705 234 1764 muS,
272 1684 439 1748 adhibitas
471 1706 557 1764 esse3
595 1685 769 1770 apparebit
801 1687 891 1764 item,
929 1707 983 1749 eas
1015 1685 1164 1748 adhiberi
1193 1691 1225 1747 et
1255 1686 1282 1747 si
1306 1708 1326 1748 a

150 1793 289 1857 persona
312 1780 419 1837 motus
442 1773 661 1860 proficiscitur
685 1779 715 1838 et
740 1775 767 1837 si
797 1774 837 1838 de
865 1775 974 1855 rebuS,
1006 1774 1124 1856 quibus
1154 1773 1244 1837 deest
1273 1775 1322 1836 vel

150 1883 170 1924 a
198 1862 317 1944 quibus
346 1870 530 1928 removetur
557 1863 699 1945 aliquid,
737 1864 837 1927 verba
860 1862 957 1942 fiuut3
995 1885 1075 1946 quos
1112 1864 1199 1947 ipsos
1236 1863 1322 1926 locos

151 1952 338 2016 accuratius
362 1974 447 2017 nunc
471 1953 587 2038 inspici
611 1974 739 2016 necesse
764 1958 826 2016 est:

239 2040 449 2108 abludo..a
472 2048 504 2105 te
528 2041 560 2105 S.
585 2041 624 2105 II
649 2046 729 2127 332⁰·

239 2130 405 2195 absterreo
424 2181 431 2194 .
450 2153 494 2196 ,a
518 2131 605 2195 corio
630 2130 662 2195 S.
687 2132 727 2196 II
751 2135 813 2216 583.

239 2217 376 2306 decerpo
401 2220 542 2284 fructum
566 2242 604 2284 ex
628 2242 663 2284 re
686 2222 744 2308 (=
768 2223 870 2305 coitu)
895 2220 927 2286 S.
953 2220 972 2284 I
996 2227 1059 2305 22⁰.

241 2308 376 2372 decurro
401 2309 443 2373 ab
467 2332 545 2392 agro
570 2308 608 2375 Ο.
634 2309 691 2374 ΙΙΙ
716 2315 785 2394 273.
853 2343 856 2348 ·

242 2397 347 2462 defluo
372 2398 413 2462 ab
437 2399 521 2463 Jove
545 2397 574 2463 Ο
598 2399 616 2462 Ι
640 2404 726 2485 2828.

240 2486 344 2550 deicio
369 2509 408 2551 ex
432 2510 510 2552 saxo
535 2488 567 2555 S.
593 2488 612 2551 Ι
637 2493 707 2564 6....

239 2575 375 2640 demitto
400 2600 439 2640 ex
463 2579 552 2642 coelo
577 2577 610 2643 S.
635 2578 654 2640 I
678 2582 749 2653 5103·

240 2663 387 2729 deterreo
412 2688 432 2730 a
456 2668 546 2752 turpi
568 2667 748 2730 meretricis
772 2689 881 2731 amore
905 2666 938 2732 S.
963 2666 982 2729 Ι
1005 2672 1075 2743 4,...

238 2753 377 2818 detraho
403 2776 441 2819 ex
465 2778 542 2819 aure
567 2755 599 2820 S.
624 2754 663 2817 Π
688 2759 767 2841 323⁰.

241 2844 341 2907 emico
366 2845 451 2908 inter
476 2866 559 2926 quae
583 2846 752 2928 (carmina)
777 2846 839 2930 Ep.
864 2845 902 2908 ΙΙ
929 2849 989 2931 173.

237 2930 310 3014 Quo
335 2954 351 2996 e
375 2940 548 3019 conspectu
573 2933 666 2997 facile
690 2935 770 2998 haec
802 2937 1051 3022 constructionis
1075 2956 1189 2998 norma
1214 2941 1323 2997 exstat

150 3025 248 3102 atque
272 3023 405 3088 eminet:

238 3109 371 3183 „Verbis
400 3135 465 3172 curn
496 3136 534 3190 ,o‚
565 3115 610 3193 de,
644 3125 689 3175 ec‘
708 3136 838 3197 pruepp.
864 3115 1033 3196 conpositis
1053 3114 1240 3198 praepositio
1265 3137 1327 3176 oon

149 3199 334 3284 adjungi-itur,
380 3203 440 3263 uisi
462 3203 551 3264 verba
574 3203 648 3266 sium

240 3293 272 3370 l)
298 3292 334 3351 de
355 3293 491 3373 personis

238 3384 272 3460 2)
297 3381 333 3442 (le
357 3382 397 3442 eis
421 3381 600 3453 nominibus,
625 3383 656 3441 in
680 3382 785 3464 quibus
808 3405 855 3443 res
879 3382 1012 3443 sensibus
1036 3383 1166 3467 subjecto
1190 3383 1301 3442 inest.“

238 3465 312 3549 Qua
335 3468 376 3531 ab
400 3469 484 3549 lege,
515 3491 597 3551 quae
621 3468 796 3532 abliorrere
819 3464 969 3535 videntur
993 3471 1091 3533 verba
1115 3469 1266 3554 (decerpo
1292 3479 1325 3535 et

150 3554 314 3642 deterreo)
346 3557 502 3642 perfacile
531 3557 573 3621 ad
602 3559 764 3622 notionem
793 3581 901 3622 rerum
931 3559 1077 3622 sensibus
1102 3559 1326 3641 subjectarum

149 3647 296 3709 revocari
330 3653 481 3731 possuut3
524 3669 608 3730 quae
639 3647 729 3710 notio
762 3648 866 3711 altero
899 3649 981 3718 loco,
1021 3648 1077 3729 qui
1112 3646 1155 3711 ad
1190 3650 1327 3714 uerbum

150 3732 287 3819 decerpo
316 3737 473 3820 pertinet,
512 3757 550 3799 ea
578 3758 611 3799 re
640 3737 862 3818 cognoscitur,
900 3736 986 3819 quod
1013 3736 1224 3823 „decerpere“
1251 3761 1326 3802 cum

151 3843 228 3886 voce
261 3824 444 3904 „fructum“
479 3825 684 3908 conjunctum
721 3830 784 3903 est,
822 3847 905 3906 quae
940 3827 1058 3889 locutio
1090 3827 1224 3912 probari
1261 3850 1327 3892 nou

150 3917 272 3996 potest,
304 3914 368 3976 nisi
393 3913 437 3977 ibi
464 3921 582 3994 exstat,
616 3914 671 3977 ubi
695 3936 745 3977 res
770 3921 828 3977 aut
852 3916 982 4000 proprie
1006 3917 1152 3979 sensibus
1177 3916 1325 3980 aniruad-

150 4001 234 4087 verti
258 4008 404 4086 possunt,
422 4009 479 4066 aut
502 4024 557 4066 eas
574 4004 621 4065 ita
638 4003 781 4084 intellegi
799 4004 885 4084 licet,
911 4011 949 4068 ut
965 4006 1120 4090 perfacile
1137 4004 1195 4067 sub
1213 4006 1325 4069 oculos

150 4089 279 4153 cadant.
328 4089 392 4155 Sed
420 4092 516 4177 plura
545 4091 584 4155 de
615 4093 673 4155 illo
704 4092 772 4155 loco
798 4092 955 4156 disserere
978 4100 1069 4157 vetor
1093 4093 1327 4158 obscoenitatis

151 4200 235 4261 quae
267 4180 351 4242 inest
381 4181 414 4243 iu
443 4203 479 4244 eo
508 4180 732 4258 multitudiue3
769 4181 888 4260 altere,
922 4204 1017 4263 quem
1041 4181 1138 4244 attuli
1161 4182 1242 4262 loco,
1268 4185 1326 4248 ubi

149 4269 270 4349 legitur
298 4291 338 4349 „a
362 4270 451 4354 turpi
475 4269 654 4333 meretricis
679 4291 787 4331 amore
811 4291 881 4332 cum
899 4269 1094 4333 deterreret“
1122 4273 1325 4356 praepositio

150 4356 221 4426 ideo
239 4357 346 4424 locum
363 4358 472 4439 habet,
498 4358 583 4443 quod
610 4380 650 4441 „a
668 4358 755 4445 turpi
773 4360 952 4422 meretricis
969 4362 1097 4425 amore“
1125 4360 1207 4427 idem
1225 4362 1323 4447 valet,
