2956 4838
196 1385 288 1505 Cum
324 1424 453 1504 omnino
489 1441 528 1505 de
563 1440 744 1504 elocutione
778 1440 981 1523 singulorum
1013 1438 1083 1503 aevi
1112 1437 1277 1523 Augustei

104 1537 275 1613 poetarum
308 1530 388 1594 satis
419 1552 569 1612 magnam
600 1529 642 1593 ad
672 1529 896 1593 meditandum
932 1527 1276 1612 commentandumque
1318 1571 1324 1583 ·
1381 1607 1387 1618 .

104 1621 277 1684 materiam
313 1640 438 1701 semper
471 1619 696 1702 praebentium
732 1624 763 1682 et
798 1618 837 1682 de
873 1619 969 1683 certis
1001 1617 1197 1700 quibusdam
1227 1619 1275 1682 rei

106 1709 340 1789 grammaticae
374 1708 525 1796 partibus
565 1707 654 1790 apud
692 1709 990 1790 praestantissimos
1029 1707 1117 1770 illins
1155 1708 1275 1771 aetatis

105 1799 282 1880 scriptores
310 1798 517 1884 quaestiones
546 1797 654 1860 adhuc
682 1819 781 1881 quam
808 1797 968 1880 plurimae
992 1796 1164 1860 institutae
1189 1801 1273 1876 sunt,

106 1895 176 1951 tum
193 1887 367 1971 praecipue
385 1886 520 1950 Horatii
537 1887 683 1950 carmina
700 1882 944 1950 accuratissime
957 1886 1178 1969 pervestigata
1191 1907 1274 1960 com-

108 1977 339 2058 mentariisque
370 1975 543 2039 uberrimis
574 1975 743 2039 illustrata
774 1982 863 2056 sunt,
896 1977 945 2039 ita
975 1981 1012 2038 ut
1043 1975 1212 2056 incipienti
1236 1975 1281 2038 de·

109 2066 174 2148 ejus
191 2064 319 2129 dicendi
340 2086 402 2129 usu
419 2064 519 2128 verba
535 2064 642 2128 iacere
659 2065 832 2129 verendum
848 2065 1007 2144 videatur,
1033 2085 1073 2128 ne
1089 2064 1145 2144 „in
1162 2064 1275 2128 silvam

107 2156 197 2237 ligna
232 2155 338 2218 ferat“
375 2153 421 2238 (S.
447 2154 466 2218 I
493 2154 581 2238 1034)
619 2175 681 2217 neu
717 2153 841 2218 frustra
880 2155 987 2218 oleum
1018 2159 1050 2217 et
1081 2174 1212 2235 operam
1234 2153 1276 2216 ‘in
1347 2230 1350 2245 Ι

106 2243 303 2327 perficienda
338 2243 608 2307 commentatione
638 2245 883 2326 consumpserit.
929 2242 1044 2307 Nihilo
1075 2243 1181 2307 minus
1212 2253 1277 2306 non

106 2354 230 2415 paucae
253 2338 379 2419 restant
402 2353 463 2413 res²
489 2354 571 2415 quas
596 2331 704 2395 adhuc
728 2339 785 2396 aut
809 2332 938 2397 omnino
963 2332 1140 2413 neglectas,
1167 2338 1225 2396 aut
1249 2332 1276 2395 si
1340 2323 1349 2334 ’

106 2424 140 2485 in
165 2423 384 2504 ‹praestionem
400 2428 535 2485 vocatae
551 2427 635 2501 sunt,
661 2442 725 2485 non
741 2428 810 2485 tam
827 2427 978 2486 accurate
994 2426 1157 2485 tractatas
1173 2421 1276 2501 vides,

107 2518 145 2574 ut
161 2510 313 2594 indignae
330 2510 405 2591 sint,
432 2510 473 2574 ad
490 2532 571 2592 quas
595 2511 712 2574 iterum
735 2511 983 2593 pertractandas
1007 2511 1151 2574 animum
1175 2510 1276 2574 inten-

109 2601 233 2663 damus.
272 2599 386 2682 Atque
409 2606 445 2664 ut
469 2600 524 2682 qui
548 2600 581 2662 in
606 2599 753 2663 aedilicio
777 2601 888 2682 aliquo
912 2599 1073 2664 moliendo
1098 2605 1277 2682 occupatus
1304 2594 1307 2600 ’

109 2695 171 2769 est,
203 2696 299 2754 antea
331 2689 461 2772 singula
485 2689 593 2752 omnia
617 2710 693 2752 saxa
721 2696 902 2771 comportet
925 2709 1054 2753 necesse
1078 2694 1139 2768 est,
1172 2690 1278 2771 prius·

107 2788 203 2860 iliram
227 2778 269 2842 ad
292 2779 398 2860 ipsam
422 2778 552 2842 domum
573 2777 787 2842 extruendam
803 2779 948 2858 accedat,
973 2783 1177 2857 tumentem,
1203 2800 1276 2842 cum

107 2867 255 2931 omnibus
280 2867 398 2950 quibus
429 2888 509 2949 opus
534 2873 582 2931 est
605 2866 703 2930 rebus
727 2874 862 2931 ornatus
886 2874 983 2950 atque
1007 2872 1192 2931 exstructus
1216 2873 1274 2947 est,

109 2979 143 3020 eo
168 2956 305 3020 celerius
329 2978 368 3020 ac
390 2957 504 3020 melius
528 2955 691 3039 inceptum
714 2977 796 3038 opus
820 2957 862 3020 ad
893 2957 1016 3020 exitum
1047 2955 1203 3036 adducet,
1228 2957 1276 3019 ita

107 3047 139 3108 in
163 3045 299 3108 Horatii
332 3045 529 3118 carminibus
561 3051 726 3108 versantes
758 3046 820 3110 nisi
852 3045 981 3129 singula
1006 3065 1153 3127 quaeque
1177 3067 1276 3129 quam

106 3135 356 3217 diligentissime
392 3134 610 3217 perquirendo
650 3134 749 3198 verba
779 3135 917 3215 tradita,
954 3156 1019 3216 qua
1050 3140 1126 3198 sunt
1159 3134 1277 3198 eximia

107 3224 260 3288 dictionis
295 3230 366 3287 arte
401 3245 530 3306 quaque
563 3224 844 3306 interpretationis
880 3223 1090 3304 difficultate,
1128 3224 1169 3288 ad
1206 3244 1274 3286 eam

106 3335 172 3395 qua
204 3334 285 3396 opus
318 3319 366 3376 est
397 3313 620 3396 integritatem
647 3308 942 3396 perfectionemque
976 3330 1040 3376 non
1068 3311 1274 3377 adducemus.
1361 3334 1364 3340 ·

196 3400 305 3484 Quare
336 3423 394 3485 ego
431 3401 470 3465 de
505 3401 676 3465 verborum
712 3403 965 3485 compositorum
999 3424 1060 3465 usu
1094 3403 1277 3484 scripturus

106 3513 201 3574 spero
226 3490 382 3574 opusculo
406 3512 476 3554 meo
500 3512 564 3554 non
587 3497 655 3554 tam
678 3492 901 3572 grammaticis
925 3492 991 3555 illis
1016 3489 1133 3554 studiis
1151 3489 1277 3572 aliquid

105 3602 157 3644 me
180 3580 405 3663 profuturum,
439 3600 523 3662 quae
546 3580 729 3644 novissimis
752 3581 959 3663 potissimum
982 3580 1182 3662 temporibus
1206 3601 1277 3661 per-

105 3666 211 3733 multa
239 3669 392 3733 instituta
423 3675 610 3733 accuratam
638 3669 679 3732 ab
713 3670 862 3752 omnique
893 3675 986 3753 parte
1017 3668 1195 3750 perfectam
1218 3668 1276 3731 lin-

106 3780 190 3841 quae
220 3759 345 3822 latinae
376 3758 593 3841 cognitionem
624 3757 717 3821 nobis
742 3758 1005 3838 subministrent,
1038 3779 1135 3840 quam
1160 3756 1201 3822 ad
1226 3778 1277 3821 ex-

106 3847 294 3931 plicandam
319 3847 420 3930 ipsius
444 3847 579 3910 Horatii
604 3848 785 3911 orationem
808 3869 921 3929 pauca,
947 3847 1055 3929 quoad
1081 3848 1149 3930 ejus
1173 3846 1278 3910 facere

106 3958 250 4020 possum,
275 3935 478 3999 collaturum.
510 3934 661 4018 Namque
678 3958 751 3999 cum
767 3938 954 4000 accuratius
978 3936 1184 4019 exploratum
1207 3935 1277 4011 erit,

106 4025 188 4109 quid
219 4026 393 4108 unicuique
417 4025 569 4106 scriptori
597 4026 766 4108 proprium
790 4026 832 4090 sit
856 4026 999 4108 quidque
1027 4048 1099 4090 cum
1124 4026 1197 4089 aliis
1221 4030 1279 4088 aut

106 4114 252 4199 ejusdem
276 4114 434 4178 orationis
458 4114 584 4196 generis
601 4120 658 4177 aut
674 4115 758 4183 alius
776 4114 991 4197 scriptoribus
1009 4136 1184 4195 commune,
1208 4120 1281 4178 tum‘

107 4219 158 4269 eo*
172 4203 300 4268 facilius
324 4203 422 4267 etiam
447 4203 585 4266 alterum
607 4203 697 4266 illum
714 4210 750 4268 ut
767 4204 815 4268 ita
832 4203 939 4267 dicam
956 4204 1057 4267 studii
1074 4203 1281 4288 grammatici

70 4341 74 4347 -
107 4313 258 4376 campum
294 4293 398 4357 colere
432 4293 610 4375 poterimus
646 4314 750 4376 neque
788 4293 860 4356 ideo
896 4292 1074 4358 difficulter
1108 4293 1279 4357 historiam

106 4381 301 4448 habebimus
327 4382 484 4446 orationis
502 4403 575 4445 cum
591 4381 718 4447 solutae
734 4388 804 4446 tum
820 4383 976 4466 poeticae,
1001 4404 1116 4465 nempe
1131 4382 1286 4457 scientes„

1069 4492 1089 4537 t
