2956 4838
693 166 914 230 „40-

268 340 438 426 Usorpatur
608 327 726 406 {lotione
917 344 1022 406 oblot'
1200 363 1314 428 praep.

604 503 609 515 .
673 504 679 516 .
858 450 991 533 populo,

218 558 349 601 secerno
528 510 707 662 {pmvam'
829 456 844 709 4
855 541 954 623 justo,

563 591 711 678 profanis
859 631 949 712 turpi

218 735 337 800 sepono
530 716 637 799 lepido
663 716 750 781 dicto

221 803 362 868 absonus
531 805 672 869 fortunis

564 895 634 974 tibi,
659 894 786 978 Trojae,

221 982 352 1065 iniquus
563 984 662 1064 vitiis,

529 902 543 1152 i
563 1072 714 1156 frugibus

222 1213 227 1225 .
562 1162 632 1234 tibi,

219 1361 317 1403 varus
514 1339 617 1409 ‚huic

308 1461 434 1546 Quodsi
462 1464 535 1544 quis
567 1469 710 1544 quaeret,
736 1469 862 1527 rectene
886 1470 1046 1544 censeant,
1072 1463 1128 1545 qui
1152 1463 1263 1527 dicant
1287 1463 1397 1529 dativi

219 1575 313 1617 usum
340 1553 445 1634 magis
473 1553 642 1634 magisque
666 1559 698 1616 et
722 1553 754 1615 in
778 1574 886 1617 rerum
909 1560 941 1617 et
964 1554 998 1617 in
1021 1573 1233 1635 personarum
1257 1552 1396 1618 distinc-

218 1642 307 1705 tione
323 1663 343 1705 a
358 1641 590 1704 recentioribus
607 1641 681 1705 inde
705 1663 724 1704 a
747 1640 842 1705 Livio
867 1662 952 1705 essse
975 1642 1225 1723 frequentatum,
1257 1662 1394 1724 respon·

219 1729 360 1794 dendum
394 1730 464 1807 erit,
501 1729 588 1811 apud
616 1731 795 1794 Horatium
830 1751 864 1793 re
898 1752 973 1794 vera
1002 1729 1268 1794 consuetudinem
1299 1731 1393 1796 iilam

220 1819 300 1883 satis
330 1819 398 1882 late
425 1824 551 1900 patere:
583 1819 780 1883 undetricies
809 1819 937 1882 (latirus
962 1819 1129 1884 adhibitus
1154 1825 1212 1899 est,
1238 1819 1392 1884 undecies

219 1907 393 1988 ablativus,
419 1907 468 1971 bis
493 1907 648 1991 adjuncta
672 1914 720 1972 est
744 1908 951 1991 praepositio.
1029 1960 1032 1966 .

756 2054 773 2134 s
801 2055 850 2116 12.

307 2175 502 2253 Verborum,
533 2175 678 2257 quibus
710 2184 770 2241 est
793 2177 911 2240 notio
936 2174 1102 2256 aliquid
1126 2195 1168 2238 ex
1192 2173 1273 2238 alia
1297 2195 1395 2256 qua-

219 2266 307 2331 dam
330 2287 369 2329 re
393 2265 604 2328 exstitisse
627 2266 692 2329 vel
716 2273 844 2329 ortum
869 2285 964 2344 esse,
990 2263 1113 2328 formae
1135 2264 1197 2326 hae
1221 2270 1369 2330 exstant:

307 2375 498 2436 recoquo:
523 2361 670 2417 recoctus
694 2355 802 2418 scriba
825 2376 864 2417 ex
887 2354 1100 2434 quinqueviro
1125 2351 1157 2418 S.
1183 2352 1222 2415 Π
1246 2357 1310 2438 555,

308 2443 469 2526 prodeo:
495 2442 607 2525 prodis
631 2463 669 2505 ex
690 2442 799 2524 judice
822 2442 930 2507 Dama
953 2441 1072 2524 Turpis
1096 2440 1130 2506 S.
1153 2441 1193 2505 II
1218 2445 1281 2528 755.

308 2531 464 2614 Sequitur
487 2532 590 2614 igitur
614 2552 738 2613 semper
760 2532 961 2614 praepositio
985 2536 1055 2610 ,ex‘,
1080 2552 1179 2613 quam
1202 2532 1300 2594 etiam
1318 2552 1395 2594 ora·

217 2623 315 2686 tionis
339 2621 465 2685 solutae
488 2621 663 2702 scriptores
687 2642 812 2703 semper
840 2621 906 2684 illis
926 2619 1032 2684 verbis
1049 2619 1235 2702 adjungere,
1261 2641 1335 2683 cum
1351 2620 1395 2684 de

218 2710 506 2794 transfiguratione
541 2709 706 2790 dixerunt,
744 2712 824 2774 satis
852 2712 967 2773 tritum
999 2708 1097 2793 est:¹)
1126 2715 1161 2773 at
1192 2709 1316 2772 omittit
1344 2709 1394 2779 H.

218 2799 381 2863 interdum
404 2820 515 2881 praep.
540 2803 601 2877 ,ex‘
624 2799 892 2881 post'simplicia,
918 2804 955 2861 ut
967 2795 1000 2861 S.
1014 2797 1053 2861 II
1066 2802 1137 2882 845:
1162 2798 1226 2861 His
1249 2799 1394 2862 mixtum

215 2889 268 2971 jus
299 2896 348 2951 est
377 2886 433 2974 (cf.
463 2885 570 2950 Ncuss
601 2887 622 2950 l.
652 2910 678 2951 c.
707 2910 760 2970 pg.
786 2892 829 2952 <24
853 2894 884 2951 et
907 2887 981 2951 adn.
1008 2891 1055 2965 1);
1085 2885 1197 2952 ΟΠΙ
1225 2890 1293 2972 1551
1320 2884 1393 2951 Cur

217 2977 398 3041 invidendis
426 2976 575 3058 postibus
687 2976 804 3040 moliar
836 2973 979 3040 atrium?
1009 2975 1049 3039 cs.
1074 2977 1171 3040 etiam
1196 2975 1228 3040 S.
1253 2976 1272 3039 Ι
1298 2980 1390 3060 1055ε

217 3073 263 3147 ,at
287 3087 391 3130 sermo
414 3065 528 3148 lingua
552 3066 726 3129 concinnus
750 3063 1053 3146 utraqueSuavior‘
1077 3066 1166 3149 (apte
1178 3065 1392 3147 compositus‘

217 3155 291 3219 adn.
326 3154 542 3228 Kirchnerus,
579 3176 674 3236 quem
709 3158 838 3218 secutus
874 3159 922 3217 est
946 3153 1058 3236 Kriig3
1095 3154 1135 3218 cf.
1166 3154 1274 3218 Neuss
1302 3154 1324 3217 l.
1360 3175 1390 3220 c.

218 3244 292 3308 adu.
317 3246 363 3330 2.)

264 4365 274 4417 l
307 4293 329 4361 ¹)
348 4293 432 4363 plane
452 4293 595 4350 contraria
614 4291 789 4349 constructio
808 4291 916 4364 legitur
934 4308 958 4343 a.
977 4309 1005 4362 p.
1025 4294 1054 4343 t:
1075 4291 1197 4356 ,desinat
1220 4291 1249 4343 in
1278 4291 1385 4362 piscem

216 4382 263 4419 mu
276 4365 335 4419 ier‘.
