2956 4838
739 208 774 265 17
823 241 864 249 --

171 381 326 446 rationem
350 380 383 445 in
408 381 474 444 illis
502 381 606 444 inesse
635 389 783 463 apertum
819 387 880 447 ost.
915 382 982 463 jain
1014 382 1128 464 paucis
1157 380 1338 445 deliberan-

172 471 240 535 dum
266 476 327 550 est,
353 491 438 552 quae
462 471 505 533 sit
529 472 602 553 ipsa
625 471 684 534 illa
707 471 794 533 ratio
818 471 960 552 quidque
984 471 1113 534 intersit
1129 471 1214 533 inter
1230 471 1339 552 singu·

169 560 212 623 ias
242 559 514 623 constructiones.
562 560 636 642 Qua
667 559 706 622 da
738 581 772 622 ro
802 560 882 622 inibi
912 560 1094 641 disputanti
1124 559 1165 622 ab
1198 560 1237 623 iis
1266 580 1340 642 pra-

167 648 264 713 ficisci
279 648 368 727 licet,
394 670 479 731 quae
494 648 714 728 Irelnnannus,
737 648 899 728 Ignatius,
918 647 1083 727 Habnius,
1102 649 1158 712 ubi
1176 648 1339 712 disserunt

165 737 328 802 deverbis
345 758 419 801 cum
443 737 505 817 ,ud,
530 746 616 817 ante,
642 760 701 801 con
726 744 797 802 otc!
823 760 956 820 praopp.
975 738 1173 819 compositis,
1199 735 1340 801 afferunt

161 826 306 891 dicentes
331 827 512 908 composita
535 833 567 890 ot
591 827 765 890 transitiva
788 833 819 889 ct
845 828 1054 890 intransitiva
1078 828 1125 889 sic
1146 826 1339 889 adverbum

160 916 408 979 substantivum
438 917 584 980 revocari
617 937 726 998 posse,
759 923 795 979 ut
825 936 862 978 ea
887 921 945 979 ant
969 917 1062 997 qnasi
1086 916 1258 979 caanativa
1282 921 1340 978 aut

158 1005 353 1069 incohativa
383 1004 473 1068 verbi
502 1004 696 1068 substantivi
733 1005 799 1067 sive
837 1004 994 1087 simplicis
1025 1005 1091 1067 sive
1121 1025 1195 1068 onrn
1226 1025 1338 1089 praep.

158 1094 337 1177 compositi
377 1114 445 1157 esse
484 1100 540 1157 aut
580 1093 717 1175 deinque
755 1093 823 1174 ejus
862 1095 926 1156 vinr
971 1094 1159 1156 accuratius
1206 1092 1340 1156 definire

156 1181 379 1267 videantur.¹)

248 1269 345 1354 Quae
376 1271 600 1349 ratiocinatio,
638 1271 944 1335 matbematicorum
976 1273 1008 1334 in
1032 1271 1163 1334 niodum
1188 1291 1339 1353 praecep-

160 1368 287 1441 torum,
326 1382 411 1443 quae
438 1360 467 1424 si
494 1381 571 1423 vera
599 1367 672 1423 sunt
698 1361 774 1423 itum
799 1362 826 1424 si
851 1361 1057 1423 invertuntur
1080 1382 1188 1424 veruna
1213 1360 1338 1441 aliquid

161 1449 324 1532 praebere
352 1471 479 1513 necesse
508 1455 569 1513 est.
607 1450 639 1511 in
668 1451 869 1513 contrarium
897 1449 1012 1512 ‹ieduoi
1041 1455 1162 1531 potest,
1199 1455 1339 1530 apparat

162 1559 237 1602 vero
265 1538 429 1620 quomodo
451 1539 529 1602 illuc
545 1559 679 1620 praepp.
711 1538 776 1617 aa,
803 1545 891 1603 ante.
918 1560 976 1601 con
1002 1544 1074 1601 etc‘
1098 1539 1338 1620 appropinqua-

158 1629 285 1690 tionem
312 1626 532 1707 significantes
556 1627 755 1709 pertincant,
792 1628 839 1690 ita
865 1628 928 1690 buc
952 1627 1137 1690 referendas
1161 1623 1238 1689 esse
1254 1626 1337 1705 illae,

156 1716 281 1798 quibus
307 1716 526 1797 separationis
550 1715 660 1778 subest
692 1717 799 1794 notio,
836 1716 867 1781 h.
893 1740 917 1779 e.
944 1737 1078 1798 praepp.
1104 1738 1150 1795 ,a,
1192 1715 1236 1791 io,
1271 1720 1337 1787 ex‘3

156 1805 283 1886 quibus
308 1826 380 1868 cum
405 1826 539 1887 praepp.
565 1826 649 1886 ‹luar
673 1805 852 1886 composita
878 1812 952 1868 sunt
981 1804 1094 1883 verba,
1131 1805 1179 1868 ita
1211 1802 1339 1866 definiri

156 1899 319 1977 possunt,
356 1900 393 1956 ut
416 1894 634 1957 contrariu
660 1894 726 1956 sint
750 1894 838 1957 verbi
863 1895 1074 1972 substantivi,
1111 1894 1178 1956 sive
1208 1898 1338 1956 exstant

156 1983 348 2046 incohative
371 2004 427 2045 scu
452 1984 631 2051 causative:
668 2004 744 2045 nani
775 1984 807 2046 in
836 1990 976 2066 utroque
1005 2004 1136 2065 garrera.
1174 1988 1207 2046 et
1237 1982 1269 2045 in
1298 1982 1338 2044 iis

154 2092 244 2154 quae
275 2093 349 2135 cum
381 2092 515 2154 praopp.
549 2071 601 2138 .ad
631 2076 705 2134 anto
737 2094 796 2135 con
828 2078 899 2135 otc!
924 2072 1105 2154 composita
1129 2078 1205 2134 sunt
1230 2071 1338 2134 verbis

155 2169 188 2224 et
214 2162 250 2224 in
274 2161 332 2240 iis,
370 2182 455 2243 quac
478 2182 611 2243 praopp.
637 2183 683 2239 a,
710 2160 765 2227 de.
792 2168 842 2224 ox‘
871 2161 1094 2239 adsciverunt,
1131 2160 1339 2224 cohaerentia

156 2249 326 2332 quaedam
350 2256 382 2313 ct
406 2250 500 2331 quasi
524 2250 655 2331 quidam
681 2257 851 2313 (urrrtextus
876 2252 1036 2315 cernitur.
1074 2249 1129 2313 sed
1154 2250 1217 2325 ita,
1244 2255 1281 2312 ut
1304 2249 1337 2311 in

154 2339 263 2403 altero
277 2359 395 2420 genere
411 2339 454 2403 ad
470 2360 581 2402 vcrnnr
599 2339 800 2421 perductum.
827 2341 858 2402 in
876 2341 979 2403 altero
996 2339 1163 2402 suldatunr
1180 2359 1252 2401 eum
1269 2358 1338 2401 esse

153 2427 342 2492 videamus:

249 2538 448 2597 ,accurro,
478 2517 615 2585 ‚iictrido
648 2517 688 2580 ad
721 2517 858 2598 aliquid‘
891 2518 973 2581 idum
1007 2524 1056 2580 ost
1088 2538 1125 2579 ao
1155 2516 1335 2595 ,currenda

158 2606 312 2670 cadendo
336 2606 390 2687 fit,
423 2613 459 2670 ut
483 2606 524 2671 ad
548 2605 674 2689 aliquid
700 2606 822 2687 adsint,
864 2615 900 2670 ut
933 2607 1031 2670 aliani
1063 2608 1109 2669 rui
1139 2608 1210 2670 ainr
1235 2607 1335 2689 (inco-

161 2695 293 2779 bative).

246 2783 374 2865 ,addo
398 2785 497 2848 alicui
521 2785 658 2868 aliquid·
684 2785 767 2847 idern
792 2793 840 2848 cst
865 2791 962 2866 atquo
986 2785 1144 2865 ‚addendo
1170 2785 1272 2864 facio,
1298 2791 1336 2848 nt

162 2873 290 2956 aliquid
315 2874 413 2938 alicui
439 2875 492 2938 sit‘
517 2875 720 2960 (causativo).

247 2962 482 3043 ,abscind0,
520 2963 661 3026 rtufcro
697 2962 797 3026 alicni
829 2963 965 3044 aliquid‘
998 2963 1081 3027 idern
1105 2964 1208 3029 valet.
1246 2962 1334 3045 quod

154 3051 402 3133 ,abscindenda
428 3052 604 3116 auferenda
630 3053 723 3132 facio,
750 3059 786 3115 ut
810 3053 910 3116 alicui
927 3054 1052 3134 aliquid
1070 3076 1149 3117 nun
1166 3054 1219 3117 sit‘
1243 3068 1333 3136 (cau-

154 3140 290 3227 sative),

239 3231 299 3294 vel
335 3230 392 3294 ubi
420 3230 619 3295 substantivi
648 3231 736 3295 verbi
767 3233 815 3294 vis
840 3233 1026 3295 accuratius
1050 3230 1217 3296 definitur:
1254 3231 1334 3311 ,de-

152 3341 246 3383 sum
271 3319 383 3383 alieui‘
407 3320 491 3384 idem
515 3326 564 3384 cst
587 3342 626 3383 ac
650 3342 724 3383 non
749 3342 819 3383 suin
843 3321 963 3385 alicui·¹

244 3407 297 3472 At
320 3415 473 3492 praetera
496 3409 604 3472 omnia
627 3410 686 3472 illa
711 3409 808 3472 verba
831 3431 905 3472 curn
941 3431 985 3488 ‚a,
1024 3410 1075 3489 de,
1113 3415 1161 3473 ex‘
1198 3431 1332 3492 praopp.

151 3498 340 3580 composita
363 3498 461 3561 etiam
484 3499 531 3562 ita
556 3499 701 3579 intellegi
731 3504 880 3580 possunt.
918 3505 954 3561 nt
985 3499 1136 3581 privandi
1169 3498 1331 3581 significa-

152 3588 243 3650 tione
266 3586 419 3670 praeditv
442 3587 523 3667 sint,
549 3609 688 3669 quorum
713 3609 795 3669 quac
819 3588 908 3651 verbi
932 3589 1130 3651 substantivi
1155 3595 1186 3652 et
1210 3610 1257 3650 vv.
1285 3588 1333 3650 in-

154 3677 384 3740 transitiorum
407 3677 588 3759 composita
613 3683 704 3755 sunt,
742 3678 921 3759 passivam.
959 3677 1026 3741 alia
1057 3679 1165 3740 ‹nnnia
1189 3677 1331 3741 activam

156 3765 218 3829 vim
243 3764 384 3829 habent:

246 4049 269 4116 ¹)
289 4046 332 4100 Of.
352 4046 529 4100 Lehmann
551 4047 602 4113 „de
623 4049 774 4101 verborum
794 4067 884 4116 curnp.
906 4065 977 4115 quac
998 4049 1073 4116 apud
1088 4049 1154 4102 Sall.
1170 4050 1248 4102 (dues.
1265 4049 1331 4104 Tac.

150 4122 290 4189 reguntur
309 4137 375 4172 cuni
394 4117 490 4171 dativo
511 4123 669 4171 structura“
686 4121 749 4172 diss.
764 4120 860 4184 inaug.
878 4119 991 4171 Vratisl.
1009 4126 1075 4175 raris
1096 4139 1143 4188 pgr.
1160 4126 1205 4177 1¹2:
1226 4121 1240 4172 Ι
1248 4139 1349 4188 gna.

150 4193 224 4244 tius
250 4190 303 4257 „de
327 4189 405 4242 verb.
429 4207 452 4243 c.
479 4208 575 4258 praep.
603 4209 714 4259 conrpp.
736 4191 810 4258 apud
831 4191 916 4259 Nep..
942 4190 1018 4253 lna,
1044 4192 1122 4244 (¹urt.
1142 4192 1207 4244 Rus.
1229 4211 1252 4246 o.
1274 4193 1331 4245 dat.

150 4266 315 4316 structuro.“
338 4261 403 4315 diss.
422 4260 517 4329 inaug.
538 4261 603 4314 Hal.
625 4265 689 4314 Sax.
708 4267 773 4314 1⁸17
794 4281 840 4329 pgr.
856 4268 884 4317 T:
905 4262 1008 4313 Hahn
1031 4263 1082 4327 „do
1101 4282 1126 4315 v.
1147 4282 1169 4317 c.
1184 4263 1258 4331 apud
1272 4270 1329 4316 vet.

150 4339 228 4403 poet.
249 4332 395 4386 scaenicos
414 4338 529 4386 struot.“
557 4333 621 4388 diss.
648 4334 743 4402 inaug.
763 4333 829 4389 Hal.
850 4336 914 4386 Sar.
937 4337 1004 4386 18ῖὸ
1024 4352 1070 4403 pg.
1091 4340 1106 4385 ἴ)
1128 4340 1156 4389 et
1175 4342 1205 4399 o,
1232 4335 1333 4405 quibus

152 4404 224 4462 locis
243 4404 376 4479 exempla
394 4403 530 4461 invenies.
1130 4436 1133 4441 ·
