2956 4838
587 806 857 951 vrvnj
935 779 938 786 ’

639 1021 746 1030 ⁶-—

199 1127 428 1192 Ludovicus
451 1124 621 1190 Alexius
645 1125 931 1190 Fordinandus
948 1125 1064 1191 Teetz
1088 1131 1187 1190 natus
1211 1147 1282 1190 sum

108 1217 162 1280 die
185 1217 305 1283 XVII.
330 1240 371 1280 m.
396 1216 481 1281 Julii
505 1238 534 1278 a.
561 1219 647 1281 1860
670 1214 956 1295 Primislaviaein
979 1214 1060 1279 urbe
1083 1213 1281 1280 Ukaramar-

107 1307 234 1369 chiensi
258 1312 353 1388 patre
368 1305 547 1385 Friderioo,
572 1310 677 1368 matre
692 1302 857 1368 Guilelma
881 1325 897 1368 e
920 1310 1016 1387 gente
1039 1304 1174 1384 Marsal,
1200 1327 1281 1388 quos

107 1396 215 1459 adhuc
245 1396 436 1477 superstites
468 1416 535 1457 esse
564 1416 659 1476 quarn
694 1393 830 1457 maxime
855 1394 995 1476 gaudeo,
1032 1393 1108 1474 fidei
1132 1393 1282 1458 addictus

109 1507 182 1547 sum
206 1485 420 1566 evangelicae.
468 1484 594 1546 Novem
618 1505 718 1546 annos
742 1488 850 1563 natus,
874 1489 1048 1566 postquam
1072 1483 1179 1565 prima
1195 1483 1281 1547 litte·

107 1596 223 1636 rarum
244 1573 398 1636 elementa
415 1574 447 1635 in
463 1572 540 1635 ludo
557 1571 719 1636 communi
735 1570 844 1652 didici,
870 1573 904 1635 in
916 1573 1061 1654 patrium
1078 1572 1282 1655 gymnasium

107 1669 258 1744 receptus
294 1684 374 1740 sum,
411 1661 498 1743 quod
533 1683 635 1742 usque
670 1660 712 1724 ad
744 1661 820 1723 anni
850 1664 935 1725 1879
968 1667 1095 1743 tempus
1119 1660 1283 1725 autumale

108 1752 327 1832 frequentavi:
354 1751 428 1813 inde
452 1751 484 1814 in
508 1750 712 1832 gymnasium
721 1749 1100 1832 Neobrandenburgense
1111 1750 1283 1814 traductus

111 1861 197 1903 anno
223 1841 253 1902 h.
280 1862 303 1902 s.
329 1844 371 1901 80
395 1840 594 1902 maturitatis
618 1839 804 1903 testimonio
828 1839 1011 1902 instructus
1032 1861 1111 1902 sum.

200 1929 265 1992 Per
289 1929 353 1991 dno
378 1929 544 1992 semestris
569 1966 610 1974 -
635 1929 821 2009 interrupta
844 1927 958 2007 tribuS,
985 1927 1103 2010 quibus
1128 1927 1282 1991 universi·

109 2019 191 2081 tatis
219 2018 282 2082 litt.
312 2011 559 2081 Rosto'chiensis
595 2017 713 2081 scholis
749 2018 925 2080 intereram
948 2056 991 2063 -
1015 2017 1048 2080 in
1068 2017 1284 2081 universitate

108 2107 283 2171 Friderica
307 2105 474 2171 Guilelma
497 2106 700 2170 Berolineusi
732 2105 850 2170 studiis
874 2104 996 2170 incubii
1021 2113 1053 2169 et
1075 2105 1283 2189 philologieis

110 2202 144 2260 et
174 2196 363 2274 theodiscis3
394 2195 508 2260 deinde
539 2202 575 2259 ut
605 2195 715 2259 studia
743 2195 952 2274 absolverem,
986 2195 1094 2258 Halas
1119 2192 1282 2259 Saxonum

108 2307 162 2348 1116
187 2285 320 2348 contuli.

46 2457 48 2460 ἡ
202 2373 289 2437 Usus
326 2396 395 2437 sum
432 2374 696 2458 praeceptoribus
736 2374 824 2436 hisco
860 2372 933 2440 VV.
961 2371 1054 2437 DD.:
1099 2372 1282 2452 Bechstein,

110 2461 274 2544 Fritsclre,
308 2463 441 2543 Kaibel,
458 2463 590 2542 Kome,
620 2464 665 2527 H.
696 2463 735 2526 de
759 2461 851 2527 Stein
874 2462 908 2525 in
931 2462 1143 2526 universitate
1166 2459 1298 2525 Rosto?

110 2551 252 2630 chiensi3
300 2553 542 2635 Furtivangler,
582 2551 738 2631 Hiibner,
778 2550 845 2615 Ad.
883 2549 1051 2631 Kirchoff,
1090 2550 1283 2632 Miillenhof,
1347 2612 1351 2619 .

109 2641 272 2723 Rodiger,
299 2640 444 2721 Scherer,
470 2641 579 2722 Seeck,
605 2641 630 2706 J
633 2641 684 2707 oh.
710 2640 869 2721 Schmidt,
894 2639 1033 2720 Vahlen,
1051 2639 1283 2720 Wattenbaoh,

110 2729 277 2808 Berolini;
316 2730 487 2796 Burdach.
528 2730 772 2812 Dittenberger,
813 2727 947 2812 Gcring,
989 2725 1127 2810 Gosche,
1163 2728 1283 2809 Hiller,

111 2818 211 2899 Keil,
236 2819 365 2883 Zacher
388 2819 501 2898 Halis3
535 2819 700 2883 seminarii
724 2818 921 2901 philologici
938 2818 1225 2883 exercitationibus
1248 2823 1285 2881 nt

110 2909 300 2971 interessem
331 2931 387 2992 per
415 2932 516 2972 unum
547 2915 699 2973 semestre
729 2907 852 2972 Kaibel
883 2913 915 2971 et
943 2907 1108 2988 Fritsohe,
1137 2929 1195 2989 per
1218 2907 1285 2970 tria

110 2997 359 3080 Dittenberger,
395 2999 519 3078 Hiller,
555 2997 636 3061 Keil
671 2998 888 3080 permiserunt
922 2996 1003 3066 mihi
1037 2994 1283 3080 benignissime;

112 3091 285 3168 praeterea
309 3088 530 3167 societatibus,
555 3108 635 3168 quas
659 3087 830 3150 instituere
854 3086 968 3163 solent,
993 3106 1042 3148 me
1066 3085 1283 3149 admiserunt:

109 3175 280 3254 Burclaolr,
306 3174 441 3259 Gering,
468 3175 608 3256 Gosche,
633 3175 755 3259 Haym,
781 3175 870 3255 Keil,
895 3174 1087 3258 Vaihingon
1111 3175 1247 3239 Zacher.

203 3262 329 3346 Quibus
361 3266 509 3330 omnibus
540 3266 614 3332 VV.
643 3264 718 3330 DD.
749 3286 787 3328 ex
815 3265 929 3328 intimo
953 3264 1060 3328 animo
1083 3264 1209 3350 gratias
1232 3263 1287 3326 hio

110 3374 177 3434 ago
201 3375 298 3435 quam
323 3377 507 3419 maxumas:
532 3355 691 3435 imprimis
707 3352 799 3418 JLL.
814 3353 889 3421 VV.
905 3353 1148 3436 Dittenberger,
1166 3350 1285 3432 Hiller,

108 3442 203 3522 Keil,
228 3443 366 3523 Zaoher,
393 3445 450 3526 qui
473 3465 552 3526 prae
575 3443 690 3506 ceteris
715 3442 899 3508 studiorum
922 3463 1067 3507 meorum
1084 3448 1177 3512 erant
1194 3441 1285 3524 adju·

108 3539 200 3595 tores
224 3553 261 3594 ac
284 3533 497 3613 modestores,
522 3533 577 3615 pio
602 3533 711 3596 animo
736 3532 841 3596 colere
864 3553 1031 3614 nunquam
1055 3530 1210 3595 desinam.

487 3801 913 3813 ψηψ-
