2956 4838
624 169 844 230 -oo-

151 346 236 410 actio
260 345 399 409 transire
422 344 538 426 possit,
575 365 687 424 necne,
724 366 743 407 a
772 344 976 427 singulorum
999 346 1137 410 arbitrio
1161 348 1281 430 pendet
1295 349 1318 434 ¹)

151 435 198 498 ita
227 435 325 498 etiam
354 433 604 515 compositorum
631 453 681 495 rr.
710 432 962 514 significationes
990 436 1080 499 sarie
1107 438 1208 500 variis
1240 443 1317 502 tem·

151 524 286 606 poribus
318 523 498 586 intellectas
528 521 688 587 ridemus:
724 521 964 602 antiquioribus
988 526 1073 587 enim
1103 527 1316 607 temporibus,

151 620 188 676 ut
214 613 355 694 primum
384 611 424 675 de
446 610 553 675 rerbis
578 632 651 674 cum
673 632 808 693 praepp.
831 633 874 690 a,
900 612 948 692 de,
974 618 1024 676 ex‘
1048 635 1175 697 compp.
1200 614 1316 695 dicam,

151 703 258 765 omnia
287 702 366 780 fere,
399 722 538 781 quorum
565 700 725 781 simplicia
748 701 845 763 eundi
869 701 918 764 vel
942 702 1040 765 simili
1063 711 1173 767 motus
1197 704 1317 786 signifi-

151 791 278 854 catione
301 790 452 872 praedita
476 794 577 866 erant,
602 811 674 852 cum
690 811 756 853 acc.
774 790 1048 854 construebantur
1071 791 1126 876 (cf.
1144 792 1219 856 Ter.
1238 793 1316 859 Hec.

152 884 229 943 378:
255 886 313 959 „ut
337 880 433 942 limen
450 879 627 962 exirent“);
651 899 748 959 quam
766 879 1212 944 consuetudinislibertatem
1228 884 1318 946 aurei

151 968 280 1032 demum
303 970 373 1032 aevi
399 968 574 1050 scriptores
598 966 764 1049 pedestres
788 970 835 1031 ita
859 975 1089 1049 coercuerunt,
1126 977 1163 1034 ut
1187 977 1318 1053 praeter

151 1065 256 1122 certas
283 1057 456 1122 nonnullas
483 1057 677 1136 locutiones,
713 1064 750 1121 nt
784 1057 937 1138 „modum
971 1057 1124 1123 excedere
1159 1080 1184 1123 s.
1221 1061 1316 1140 exire,

151 1146 230 1210 fines
254 1147 385 1229 egredi“
416 1147 638 1210 accusativum
666 1168 730 1208 non
753 1147 840 1228 passi
864 1147 1137 1229 praepositionem
1162 1155 1221 1212 aut
1246 1170 1318 1213 ean·

151 1235 221 1299 dem
254 1242 312 1299 aut
343 1236 480 1298 similem
504 1236 623 1298 iterare
647 1234 847 1299 adamarent.
894 1233 944 1299 At
967 1243 1083 1317 poetae
1107 1243 1140 1300 et
1163 1238 1221 1318 qui
1246 1238 1317 1302 illos

151 1326 254 1389 secuti
292 1331 367 1389 sunt
406 1325 623 1407 posteriorum
662 1331 844 1407 temporum
882 1325 1057 1407 scriptores
1095 1348 1191 1389 usum
1227 1327 1317 1390 illum

150 1414 268 1495 prioris
293 1415 361 1477 aeri
386 1421 454 1478 tam
478 1413 578 1476 libere
600 1420 800 1495 receperunt,
825 1419 862 1477 ut
879 1414 1063 1477 etiamtum
1080 1416 1317 1499 omniahujus·

150 1502 238 1566 modi
261 1503 361 1567 rerba
384 1505 414 1566 ri
438 1504 614 1566 transitiva
639 1503 824 1583 induerent,
850 1524 921 1566 cum
945 1503 1097 1567 decerto
1121 1503 1185 1567 fine
1210 1506 1316 1568 termi-

150 1613 266 1674 noque,
291 1614 386 1675 quem
402 1592 489 1655 ultra
506 1591 737 1674 egrediendum
753 1613 816 1656 non
833 1599 912 1670 erat,
937 1613 1000 1655 uon
1014 1594 1082 1676 jam
1099 1594 1315 1675 cogitabatur.

238 1699 364 1764 Eodem
388 1698 481 1762 modo
498 1701 597 1762 etiam
614 1701 647 1762 in
664 1720 773 1763 eorum
792 1706 968 1780 structura,
993 1721 1077 1782 quae
1094 1722 1166 1764 cum
1183 1722 1314 1784 praepp.

151 1789 213 1868 ,ad,
231 1795 316 1864 ante,
335 1810 394 1852 con
411 1794 483 1852 010.ί
507 1790 686 1872 composita
702 1797 787 1869 sunt,
812 1811 936 1852 summa
953 1810 1011 1871 per
1027 1790 1175 1871 singulas
1192 1797 1315 1854 aetates

150 1879 272 1942 latinae
294 1879 426 1960 linguae
449 1879 665 1942 inconstantia
683 1880 838 1942 cernitur:
864 1879 920 1957 ita.
946 1900 1031 1959 quae
1047 1881 1228 1961 composita
1245 1885 1316 1944 sunt

150 1990 222 2032 cum
253 1967 318 2048 ,ad‘
346 1973 378 2031 et
409 1969 464 2047 ,in‘
495 1989 627 2050 praepp.
652 1990 672 2030 a
695 1968 814 2030 Plauto
837 1973 868 2030 et
892 1969 932 2030 iis
957 1969 1013 2049 qui
1037 1968 1148 2031 eodem
1172 1976 1315 2052 tempore
1382 1995 1386 2008 ·

149 2057 251 2122 libros
276 2057 490 2139 scripserunt,
520 2079 592 2120 cum
616 2078 680 2122 acc.
706 2056 1002 2141 conjungebantur,
1035 2056 1125 2120 nullo
1153 2057 1220 2123 fere
1248 2080 1314 2121 sen-

150 2148 273 2210 tentiae
297 2146 482 2210 discrimine
506 2147 591 2209 inter
607 2147 692 2209 hauc
708 2153 739 2209 et
756 2147 837 2210 alias
854 2152 1037 2210 structuras
1054 2145 1315 2232 intercedentel)

149 2236 236 2300 Item
259 2236 430 2299 Lucretius
454 2236 541 2299 haud
565 2257 641 2298 raro
666 2242 817 2316 quartum
840 2237 950 2317 posuit
975 2257 1097 2303 casum.
1128 2236 1186 2300 ubi
1218 2237 1315 2319 inpri-

150 2325 277 2394 misab
301 2327 391 2389 aurei
416 2325 504 2407 quod
527 2325 647 2387 dicitur
670 2325 739 2388 aevi
771 2325 985 2406 scriptoribus
1009 2325 1137 2389 solutae
1158 2326 1316 2389 orationis

150 2415 280 2479 dativus
304 2412 592 2499 praeferebaturd)

240 2504 358 2568 Paullo
391 2504 591 2567 constantior
622 2502 707 2565 ratio
739 2503 772 2565 in
803 2508 968 2568 structura
998 2525 1046 2568 vv.
1076 2525 1149 2567 cum
1174 2505 1314 2583 ,circum

150 2614 216 2675 per,
242 2601 380 2676 praeter,
407 2599 509 2656 trans‘
533 2613 657 2674 compp.
683 2590 856 2655 observata
879 2591 1006 2656 uidetur
1030 2614 1113 2658 esse:
1139 2615 1210 2656 eam
1235 2593 1316 2656 enim

151 2682 217 2746 fere
241 2684 348 2747 omnia
371 2683 474 2764 legem
499 2688 687 2764 sequuntur,
714 2686 750 2745 ut
774 2683 993 2745 accusativum
1018 2681 1235 2767 arlsumant.⁴)

238 2789 288 2854 At
319 2811 358 2853 ex
388 2789 454 2868 his,
484 2808 565 2870 quae
588 2787 698 2868 attuli,
724 2795 870 2871 apparet,
897 2789 1146 2852 constructionis
1170 2811 1317 2855 normam

150 2903 214 2945 non
237 2885 303 2944 tam
328 2880 361 2943 in
384 2879 480 2941 certis
503 2879 683 2960 praeceptis
707 2878 994 2960 praepositionum,
1020 2899 1119 2959 quam
1135 2879 1169 2940 in
1185 2900 1317 2944 casuum

151 2973 181 3035 vi
204 2975 235 3033 et
252 2971 284 3032 in
301 2991 346 3048 ea,
372 2989 456 3050 quae
479 2989 518 3031 ex
542 2967 772 3050 compositione
794 2966 1020 3049 proficiscatur
1044 2968 1133 3031 verbi
1157 2968 1318 3050 significa·

150 3062 237 3124 tione
261 3058 314 3143 (cl.
339 3056 481 3142 invenio)
506 3057 646 3139 positam
670 3076 752 3133 esse,
777 3077 850 3118 nam
874 3056 931 3118 alii
953 3057 1018 3120 alia
1040 3057 1180 3119 notionis
1195 3058 1318 3122 intelle-

152 3149 275 3232 gendae
294 3147 434 3211 facultas
451 3145 530 3210 data
546 3151 626 3226 erat,
652 3167 723 3207 cum
748 3143 831 3208 alius
856 3145 992 3227 simplex
1017 3153 1048 3209 et
1072 3167 1211 3227 quacum
1235 3168 1318 3211 com·

151 3239 294 3322 positum
315 3243 363 3300 est
387 3235 660 3319 praepositionem
683 3234 731 3296 ita
748 3240 899 3314 separata
915 3237 1058 3314 sentiret,
1084 3241 1121 3299 ut
1138 3234 1221 3298 duae
1235 3258 1319 3301 com·

151 3328 321 3410 positionis
337 3332 447 3409 partes
463 3347 522 3407 pro
536 3346 595 3388 sua
608 3344 737 3405 quaque
751 3322 985 3404 significatione
998 3325 1040 3388 ad
1057 3326 1320 3390 commutandam

151 3416 421 3480 constructionem
457 3414 614 3493 valerent,
652 3414 737 3476 alius
772 3413 865 3494 quasi
900 3416 1034 3477 tertium
1069 3412 1202 3477 verbum
1237 3437 1321 3479 nova

150 3505 333 3589 praeditum
357 3503 592 3587 significatione
608 3503 820 3584 intellegeret,
846 3503 897 3565 cui
912 3504 1011 3567 etiam
1023 3524 1139 3566 novam
1156 3504 1319 3584 quandam

150 3595 420 3659 constructionem
443 3591 711 3658 accommodaret.

241 3809 262 3875 1)
282 3807 316 3860 cf.
336 3805 373 3858 H.
394 3804 534 3869 Miiller,
565 3805 608 3868 ‚de
637 3805 789 3872 generibus
817 3803 905 3856 verbi‘
932 3803 995 3855 diss.
1017 3801 1137 3870 Gripsw.
1160 3806 1241 3868 1864,
1271 3823 1318 3873 pg.

151 3885 184 3935 37
198 3898 271 3947 sqq,
291 3878 419 3941 Haase,
439 3877 529 3943 vorlg.
550 3875 573 3940 Ι,
594 3895 640 3945 pg.
660 3880 694 3929 us
714 3876 778 3928 coll.
798 3893 845 3943 pg.
867 3879 916 3927 157
937 3879 965 3926 et
984 3879 1032 3939 ab,
1052 3872 1135 3941 Ebg.
1154 3892 1201 3941 pg.
1225 3879 1265 3929 io.

240 3950 400 4002 Transitive
420 3953 592 4015 usurpantur
612 3947 646 4000 ab
660 3946 696 4000 H.
712 3948 825 4010 scando,
844 3963 977 4014 proper0,
997 3946 1066 4011 alia3
1087 3945 1162 3996 idem
1182 3947 1204 3996 si
1224 3947 1320 3999 verbis

151 4022 283 4076 affectum
312 4019 538 4089 significantibus
566 4024 687 4073 accusat.
717 4019 861 4088 adjungit,
890 4035 947 4069 non
969 4018 1028 4085 jam
1053 4016 1183 4083 exempla
1202 4017 1320 4072 exhibet

151 4112 315 4233 msrgnpp-cf'
336 4163 422 4216 Hahn
442 4181 489 4232 pg.
509 4167 542 4216 25
563 4163 626 4215 coll.
647 4181 693 4232 pg.
714 4168 739 4218 5.

242 4236 264 4304 θ)
285 4236 319 4289 cf.
340 4235 404 4289 Kel.
423 4253 470 4303 pg.
491 4239 523 4290 34
538 4252 596 4302 sqq.

240 4307 262 4378 ⁴)
282 4308 317 4360 de
337 4307 473 4374 exemplis
493 4305 674 4373 quibusdam,
704 4320 775 4372 quac
795 4302 921 4358 dativum
942 4302 1096 4370 praebent,
1117 4301 1151 4355 cf.
1171 4301 1257 4356 Haas.
1278 4302 1318 4370 II,

150 4398 197 4457 pg.
218 4384 251 4436 73
272 4380 335 4440 coll.
358 4395 404 4454 pg.
428 4382 484 4437 1¹26.
