2956 4838
625 246 918 306 -57-.

239 421 274 509 5)
296 422 492 487 combibe:
529 427 566 487 ut
600 426 707 486 atrum
742 419 886 504 Corpore
924 420 1125 485 combiberet
1160 424 1333 483 venenum

239 603 272 686 6)
296 560 535 666 irbmmisceo:
562 598 645 665 Ohio
674 605 754 664 nota
782 601 809 663 si
837 599 1011 664 commixta
1042 599 1177 663 Falerni
1205 604 1254 663 est
1287 595 1320 663 S.

148 691 167 755 Ι
192 695 278 776 1024,
303 690 361 755 ubi
384 687 489 771 ‚Ohio‘
513 689 577 754 abl.
603 711 672 754 esse
694 695 781 754 recte
804 688 965 753 Neussius
989 688 1009 751 l.
1035 710 1061 753 c.
1088 687 1239 752 ostendit.

240 783 272 863 7)
297 779 498 845 concludo:
523 779 689 844 conclusas
717 779 853 842 hircinis
884 776 1018 841 follibus
1042 799 1141 842 auras
1165 774 1197 842 S.
1222 776 1320 853 1412„

239 867 275 954 8)
299 867 434 934 condo:
459 868 487 932 si
511 869 645 951 proprio
669 866 814 931 condidit
837 867 953 930 horreo
969 863 1139 949 Quidquid
1164 866 1203 930 de
1219 865 1320 948 Lybi-

151 958 196 1022 cis
224 957 367 1022 verritur
395 958 479 1021 areis
503 955 542 1024 Ο.
568 957 587 1021 Ι
611 963 662 1042 193
687 953 815 1022 Graeca
838 954 926 1038 quod
951 975 1010 1038 ego
1034 957 1104 1038 ipse
1127 961 1213 1020 testa
1237 953 1321 1019 Oen-

150 1047 254 1111 ditum
285 1046 347 1110 levi
375 1043 413 1110 Ο.
442 1047 462 1109 Ι
494 1050 568 1132 2033
598 1068 679 1129 quae
697 1099 703 1111 .
719 1094 747 1109 ..
777 1044 877 1109 Notis
905 1043 1037 1109 condita
1064 1044 1160 1110 fastis
1183 1044 1323 1108 inclusit
1412 1102 1414 1106 .

149 1136 291 1200 volucris
315 1136 384 1200 dies
407 1133 446 1201 Ο.
471 1134 524 1203 IV
549 1140 633 1214 13103
659 1136 728 1198 Aut
750 1154 863 1216 pressa
885 1135 977 1216 puris
1000 1135 1097 1198 mella
1121 1133 1232 1197 condit
1256 1155 1322 1197 am·
1367 1177 1368 1180 κ

151 1225 265 1308 phoris
301 1246 348 1307 ep.
390 1229 451 1304 2253
498 1222 548 1289 At
583 1238 658 1289 cave
693 1225 757 1311 huc
785 1223 906 1289 referas
941 1220 980 1287 Ο.
1010 1223 1063 1291 IV
1092 1226 1158 1308 ὄρος
1199 1220 1320 1309 Oondit

153 1314 291 1396 quisque
314 1314 399 1378 diem
423 1313 561 1378 collibus
585 1315 619 1378 iu
642 1315 719 1379 suis.
1092 1390 1096 1398 ,

240 1403 276 1488 9)
307 1402 479 1486 impello:
522 1409 559 1467 ut
602 1403 686 1467 forte
719 1403 877 1485 legentem
907 1401 979 1466 Aut
1012 1402 1149 1465 tacitum
1177 1400 1323 1483 impellat

152 1492 266 1574 quovis
283 1513 429 1556 sermone
442 1490 475 1557 S.
488 1493 560 1578 1365
581 1523 622 1545 =
643 1493 696 1572 „in
716 1491 831 1575 irgend
852 1492 903 1556 ein
916 1490 1087 1574 Gesprach
1104 1489 1321 1556 verwickele.“

242 1579 299 1666 10)
323 1581 502 1646 includo:
527 1579 566 1646 Ο.
591 1580 761 1666 1112437:
794 1580 927 1645 fervidis
950 1580 1034 1644 Pars
1057 1580 1183 1644 inclusa
1207 1579 1323 1642 colori-

152 1669 212 1734 bus
236 1669 368 1749 Mundi;
397 1667 435 1734 Ο.
461 1669 514 1737 IV
538 1674 600 1746 613:
630 1670 693 1734 llle
716 1691 781 1734 non
804 1670 948 1734 inclusus
972 1690 1054 1751 equo
1078 1669 1258 1751 Minervam
1282 1664 1322 1733 Ο.

151 1758 203 1826 IV
229 1763 313 1835 1310:
338 1781 420 1840 quae
435 1757 535 1824 Notis
553 1759 685 1824 condita
700 1759 794 1824 fastis
810 1759 950 1823 inclusit
966 1758 1106 1823 volucris
1124 1758 1207 1836 dies3
1224 1757 1287 1839 Ep.
1304 1756 1323 1820 I

155 1852 202 1933 18:
228 1849 359 1930 quaeris
383 1849 500 1912 iterum
523 1850 658 1931 antiquo
682 1871 732 1913 me
755 1848 921 1912 includere
944 1848 1023 1912 ludo
1047 1870 1076 1913 a.
1101 1869 1132 1929 p.
1158 1851 1216 1911 76:
1243 1846 1323 1914 Ver-

152 1937 243 2001 sibus
271 1938 441 2020 impariter
465 1939 589 2020 junetis
617 1938 820 2021 querimonia
850 1938 1004 2020 primum,
1039 1936 1121 2000 Post
1149 1937 1248 2000 ctiam
1275 1935 1323 1999 in-

152 2026 243 2091 olusa
266 2033 316 2091 est
337 2027 406 2091 voti
430 2029 590 2092 sententia
613 2048 753 2111 compos.

245 2117 298 2200 11)
322 2117 492 2181 innitor:
517 2115 594 2181 Hac
618 2121 689 2181 arte
704 2116 825 2180 Pollux
848 2122 881 2181 et
897 2137 999 2200 vagus
1015 2116 1175 2180 Hercules
1191 2114 1323 2178 Inuisus

155 2202 193 2270 Ο.
218 2204 364 2285 1113103
390 2205 446 2269 sed
469 2206 584 2270 melius
608 2206 665 2270 alii
689 2207 837 2270 scribunt
859 2206 1003 2287 ,enisns‘3
1029 2205 1069 2271 of.
1094 2203 1161 2269 Btl.
1187 2203 1262 2268 adn.

244 2298 284 2358 12
324 2295 493 2359 involvo:
519 2316 589 2359 mea
611 2296 746 2363 Virtute
769 2317 819 2359 me
843 2295 969 2359 involvo
993 2291 1032 2360 Ο.
1056 2293 1222 2380 III-2955.

153 2470 182 2537 O
216 2388 283 2536 I13
324 2383 476 2467 obligo:
502 2382 566 2449 Sed
589 2392 626 2450 tu
650 2385 747 2449 simul
770 2384 925 2467 obligasti
940 2383 1106 2448 Perfidum
1122 2384 1207 2447 votis
1224 2388 1323 2466 eaput

244 2522 461 2645 14)⁵obruo:
485 2562 625 2647 Ingrato
663 2564 777 2627 celeris
815 2563 926 2628 obruit
964 2563 1030 2626 otio
1069 2562 1195 2630 Ventos
1234 2559 1272 2626 Ο.
1305 2560 1324 2624 Ι

155 2654 207 2727 153
240 2650 391 2732 (Nauokz
430 2652 504 2733 „dic
539 2653 631 2733 ruhe,
674 2653 707 2715 in
739 2653 858 2717 welche
886 2650 1015 2717 Nereus
1043 2651 1096 2714 die
1126 2651 1229 2715 winde
1256 2672 1324 2714 ver·

154 2741 318 2826 senkte“);
343 2742 398 2805 Me
416 2796 422 2808 .
441 2792 448 2806 .
474 2763 603 2825 quoque
620 2791 626 2805 .
645 2795 652 2810 .
669 2742 805 2825 rapidus
830 2763 936 2806 comes
953 2739 1085 2806 Orionis
1101 2740 1244 2823 Illyricis
1268 2761 1324 2803 no-

154 2834 206 2892 tus
232 2828 341 2894 obruit
363 2831 460 2894 undis
484 2828 522 2897 Ο,
547 2832 566 2894 Ι
591 2835 675 2916 2899.

243 2917 300 3004 15)
325 2919 542 3002 obstringo:
581 2919 756 3003 Praeterea
790 2942 829 2984 ne
863 2938 920 2984 vos
949 2921 1063 2984 titillet
1093 2919 1212 3002 gloria,
1251 2920 1321 2983 iure

153 3006 304 3073 Jurando
329 3008 533 3092 obstringam
556 3009 652 3073 ambo
676 3008 709 3076 S.
727 3009 852 3087 113230.

243 3098 298 3182 16)
322 3097 497 3163 obvolvo:
522 3099 693 3180 verbisque
709 3099 835 3163 decoris
852 3099 1005 3163 obvolvas
1022 3096 1158 3162 vitium?
1176 3096 1250 3163 SH
1265 3102 1322 3172 7⁴2·

245 3189 299 3272 17)
324 3188 492 3254 occulto:
531 3187 639 3271 Quam
668 3189 695 3252 si
724 3188 883 3271 quidquid
912 3194 985 3252 arat
1015 3188 1154 3270 impiger
1182 3186 1321 3270 Apulus,

154 3273 329 3340 Occultere
352 3278 430 3340 meis
454 3277 580 3342 dicerer
604 3277 728 3341 horreis
753 3275 971 3363 01111627.

245 3365 300 3450 18)
324 3368 551 3448 permisceo:
576 3363 641 3449 Qui
659 3368 780 3449 species
795 3417 801 3430 .
817 3417 823 3430 .
838 3417 845 3430 .
859 3366 1003 3431 tumultu
1015 3366 1201 3430 Permixtas
1218 3366 1326 3448 capiet

153 3451 186 3520 S.
204 3454 244 3518 Π
262 3459 346 3540 32093
371 3455 453 3519 lituo
477 3454 576 3521 tubae
598 3455 785 3521 Permixtus
809 3457 935 3520 sonitus
958 3453 1120 3540 011243
1142 3455 1326 3520 —formae

154 3543 244 3608 verbi
268 3545 459 3624 ,remisoere‘
483 3550 689 3609 enumeratae
713 3551 789 3609 sunt
811 3543 830 3630 ξ
849 3549 891 3609 14
914 3567 939 3609 s.
963 3568 992 3610 v.
1017 3546 1206 3609 immiscere.

241 3632 400 3701 Videmus
438 3634 539 3716 igitur
574 3654 613 3698 ex
647 3632 710 3698 hae
744 3635 986 3699 enumeratione
1014 3633 1059 3699 Π.
1093 3635 1191 3697 etiam
1218 3633 1325 3698 verbis

152 3722 295 3786 obdendi
318 3722 556 3804 significatione
586 3722 746 3806 praeditis
770 3722 995 3805 similibusque
1017 3743 1112 3787 usum
1129 3761 1170 3770 -
1187 3745 1263 3787 narn
1286 3744 1325 3786 ea

151 3811 275 3895 primas
294 3811 396 3875 huius
421 3813 535 3876 classis
558 3818 678 3896 partes,
702 3817 740 3876 ut
763 3813 810 3876 ita
834 3812 950 3893 dicam,
971 3817 1080 3894 *agunt
1103 3850 1147 3859 —
1170 3812 1326 3894 loquendi

153 3901 319 3965 licentiam
347 3900 389 3964 ad
417 3908 538 3965 certam
566 3901 732 3984 quandam
760 3901 906 3984 regulam
929 3902 977 3965 ita
1001 3901 1174 3982 direxisse,
1199 3907 1237 3964 ut
1260 3923 1325 3965 non

150 3991 218 4073 jam
248 3991 432 4072 promiscue
454 3990 752 4074 praepositionibus
780 3998 839 4055 aut
872 3990 967 4054 nudis
1003 3989 1132 4054 casibus
1167 3989 1325 4054 adhibitis

153 4100 279 4162 semper
302 4078 483 4144 ablativum
506 4084 682 4162 usurparet
704 4079 758 4164 (cf.
783 4078 902 4162 Draeg.
920 4077 956 4143 I2
979 4101 1032 4162 pg.
1051 4080 1140 4164 550.)

685 4221 803 4308 sm..

243 4347 358 4412 Finem
383 4346 681 4412 enumerationibus
705 4347 785 4411 meis
802 4367 875 4411 eum
892 4346 984 4428 facio,
1010 4351 1047 4410 ut
1071 4346 1190 4411 addam
1212 4345 1321 4427 verba,

152 4459 236 4522 quae
260 4458 458 4522 quamquam
480 4457 539 4523 per
563 4457 597 4502 se
620 4437 721 4504 etiam
743 4437 777 4502 in
793 4435 926 4503 modum
942 4436 1116 4504 verborum
1138 4435 1322 4519 ,circumdo
