2956 4838
636 149 856 216 „42-

242 325 363 394 Altera
398 327 596 393 constructio
625 348 663 392 ea
691 334 755 409 est,
790 334 827 392 ut
855 327 992 393 iteretur
1018 328 1239 411 praepositio,
1270 335 1326 394 aut

156 417 280 498 eadem,
306 439 446 500 quacum
468 417 575 500 ipsum
598 416 733 481 verbnm
760 417 977 498 compositum
1005 422 1066 499 est,
1092 422 1151 482 aut
1174 417 1250 495 alia,
1277 419 1328 483 cui

154 507 268 572 similis
292 505 440 590 subjecta
462 511 510 570 est
533 504 667 591 notio.¹)
720 503 816 590 Quod
840 503 890 585 fit,
915 513 953 570 ut
975 506 1039 571 loci
1062 508 1110 570 vis
1133 527 1222 570 mere
1246 506 1328 571 dilu-

154 596 289 678 cideque
323 595 536 679 significetur,
577 595 627 659 vel
650 594 707 659 ubi
737 616 756 658 a
779 594 938 677 primaria
961 594 1200 679 significatione
1223 616 1327 660 reces-

155 707 226 750 sum
251 691 300 749 001
323 683 511 750 accuratius
534 683 674 764 dicatur,
700 705 783 766 quae
817 684 998 771 intercedat
1025 684 1212 768 conjunctio
1225 706 1331 766 quove

153 775 240 838 ratio
267 772 358 838 verbi
388 777 511 855 spectet
539 771 573 837 et
594 773 773 855 pertineat:
802 772 946 853 ,accedes
977 774 1081 838 siccus
1105 772 1148 837 ad
1170 778 1329 854 unctum‘,

153 863 282 943 ,leniter
304 863 338 926 in
361 883 450 945 spem
473 861 613 944 adrepe!
1222 932 1227 942 ⁸

244 950 370 1031 Tertia,
395 972 479 1033 quae
502 951 678 1025 invenitur,
708 950 908 1016 constructio
932 956 1075 1015 tractata
1098 957 1147 1016 est
1169 951 1216 1035 hj.
1243 973 1331 1016 com-

153 1046 250 1105 ment.
277 1047 371 1123 00110
393 1040 464 1104 ΠΙ.

244 1127 294 1193 At
318 1131 345 1194 si
361 1130 544 1194 universam
562 1136 745 1211 spectamus
769 1129 902 1212 linguae
914 1128 1037 1192 latinae
1050 1129 1330 1211 consuetudinem,

154 1217 332 1301 paullatim
354 1219 517 1283 variatam
540 1224 572 1282 et
596 1223 827 1283 commutatam
851 1240 921 1282 eam
945 1238 1013 1282 esse
1048 1217 1143 1282 facile
1167 1225 1330 1301 apparet;

155 1327 294 1389 namque
322 1307 522 1390 antiquiores
547 1308 722 1389 scriptores
747 1330 819 1373 cum
851 1308 1105 1389 compositorum
1133 1314 1246 1390 partes
1269 1330 1332 1390 pro

155 1418 189 1461 se
210 1417 374 1479 quamque
398 1396 564 1477 sentirent,
589 1396 845 1478 praepositiones
858 1397 977 1460 iterare
989 1396 1232 1478 praeferebant3
1258 1418 1329 1461 eas·

156 1485 228 1550 dem
264 1486 379 1568 optimi
413 1485 631 1568 posteriorum
653 1491 837 1567 temporum
868 1485 1010 1568 prosaici
1037 1486 1224 1568 scripturae,
1256 1507 1331 1551 cum

155 1575 314 1657 imprimis
346 1574 562 1638 subtilitatem
595 1573 768 1639 locutionis
800 1582 899 1656 atque
926 1574 1130 1657 diligentiam
1157 1596 1331 1657 perseque-

155 1670 283 1746 rentur,
308 1663 497 1747 plerumque
520 1686 585 1728 non
608 1662 819 1745 respuebant3
843 1669 958 1746 poetae
982 1663 1111 1727 demum
1135 1671 1167 1727 et
1191 1664 1251 1745 qui
1275 1686 1330 1728 eos

155 1754 257 1817 secuti
292 1758 367 1818 sunt
402 1752 529 1817 solutae
564 1753 721 1817 orationis
756 1753 945 1835 scriptores,
978 1773 1117 1834 quorum
1146 1753 1180 1816 in
1208 1753 1327 1817 animis
1360 1788 1364 1794 ·

86 1904 89 1909 .
154 1842 399 1925 compositionis
429 1847 538 1925 partes
559 1843 627 1926 jam
650 1841 773 1906 arctius
797 1863 836 1906 ac
859 1841 1099 1924 quodammodo
1124 1842 1325 1923 inseparabi-

154 1931 217 1996 lius
253 1932 505 2012 concrevissent,
543 1953 623 1995 eam·
645 1931 918 1995 constructionem
950 1951 1048 2012 quam
1079 1951 1196 2011 novam
1224 1932 1324 2014 signi-

153 2019 315 2085 ficationis
338 2027 492 2084 naturam
516 2021 637 2104 optime
660 2019 772 2083 decere
795 2025 958 2102 putarent,
984 2020 1004 2082 i.
1022 2040 1048 2083 e.
1066 2019 1212 2083 dativum
1234 2042 1329 2085 usur-

153 2130 233 2192 pare
256 2107 500 2194 adamabant.²)

244 2198 337 2263 Idem
371 2198 405 2262 in
438 2199 484 2264 Η.
520 2200 682 2282 pertinere
717 2199 838 2280 optime
873 2197 1116 2263 demonstratur
1152 2206 1330 2280 conspectu

154 2287 226 2368 hoc,
252 2289 428 2361 secundum
452 2288 637 2353 litterarum
661 2288 776 2351 seriem
800 2286 972 2369 disposito,
998 2308 1093 2369 quem
1115 2288 1164 2351 ita
1186 2287 1330 2360 institui,

155 2383 192 2442 ut
216 2378 371 2457 numeris,
397 2398 495 2459 quam
519 2397 615 2460 saepe
640 2376 770 2459 singula
793 2376 890 2440 verba
914 2383 972 2440 aut
996 2376 1126 2441 dativus
1151 2381 1208 2440 aut
1232 2399 1329 2458 prae·

154 2466 274 2550 positio
298 2470 463 2549 sequatur,
488 2466 643 2531 indicem:

335 2610 441 2694 lepitur
475 2612 536 2675 dut.
568 2632 677 2694 praep.
950 2608 1057 2692 lepitur
1091 2611 1152 2674 dot.
1189 2631 1298 2692 praep.

153 2698 271 2763 accedo
497 2703 516 2764 6
580 2696 697 2786 Mad)
768 2698 874 2762 adicio
1110 2702 1131 2761 4

154 2808 303 2853 accresco
497 2794 513 2852 1
767 2787 919 2872 adjudico
1050 2786 1054 2796 ’

153 2876 275 2942 accubo
499 2881 514 2940 1
768 2876 911 2960 adjungo

153 2967 240 3030 addo
475 2970 515 3032 19
766 2964 923 3030 adlaboro

153 3055 270 3121 addico
499 3060 514 3119 1
766 3055 877 3119 adlino

154 3145 282 3210 adduco
766 3143 905 3207 admitto

1114 2792 1130 2850 1

1110 2880 1130 2940 2

1112 2971 1127 3029 1

1112 3062 1128 3120 1

1114 3151 1129 3208 l

153 3234 267 3299 adiero
500 3239 515 3298 1
767 3232 922 3297 admoveo
1111 3239 1129 3297 3

154 3322 264 3407 adligo
498 3329 516 3387 3
767 3322 875 3386 adnuo
1110 3328 1130 3388 2

156 3412 241 3476 adflo
500 3418 516 3477 1
768 3412 910 3494 adpingo
1113 3417 1128 3476 1

155 3502 309 3585 adfulgeo
501 3507 516 3565 1
768 3501 897 3584 adplico
1109 3507 1129 3565 2

153 3590 314 3656 adhaereo
767 3591 896 3673 adpono

154 3678 293 3745 adhibeo
767 3680 888 3762 adrepo
1195 3684 1210 3742 1
1241 3679 1303 3764 (in)

246 3859 267 3926 ¹)
287 3857 322 3911 cf.
342 3856 458 3910 Lehm.
478 3874 525 3926 pg.
545 3859 562 3910 8
581 3874 608 3911 n.
627 3860 657 3922 3;
683 3855 747 3925 Ign.
766 3873 813 3925 pg.
835 3858 899 3917 134,
923 3857 988 3919 3523
1013 3853 1069 3906 0110
1089 3857 1132 3906 est
1150 3872 1194 3907 res
1214 3855 1242 3906 in
1262 3872 1325 3907 ver-

153 3929 255 3982 nacula
272 3929 384 3998 lingua,
413 3929 462 3980 ubi
480 3931 596 3996 praeter
613 3931 705 3981 certas
724 3927 874 3980 nonnullas
893 3925 1052 3978 locutiones
1071 3943 1208 3994 semper
1226 3943 1324 3994 praep.

154 4006 204 4053 aut
231 4000 330 4054 eadem
357 4001 494 4063 iteratur,
524 4003 574 4052 aut
601 3999 714 4062 similis,
743 4016 798 4066 qua
822 3996 984 4050 distinctius
1009 3996 1186 4064 exprimatur
1205 3997 1325 4050 actionis

155 4073 245 4136 10110,
269 4071 451 4141 supponitur:
486 4070 662 4139 „eingiessen
689 4071 718 4122 in
748 4071 801 4123 den
830 4067 923 4137 topl“;
958 4068 1147 4135 „anspringen
1167 4085 1259 4136 gegen
1280 4069 1325 4122 1110

154 4147 282 4208 mauer“,
312 4143 360 4196 ubi
380 4142 493 4195 dativus
512 4159 656 4210 nunquam
675 4141 769 4194 locum
789 4140 913 4193 obtinet:
943 4139 992 4206 qui
1012 4156 1124 4206 semper
1142 4140 1327 4207 postponitur

155 4215 242 4268 verbo
263 4213 428 4278 ,einfllissen‘
448 4213 511 4266 aliis
529 4213 635 4282 paucis.

245 4285 268 4353 ⁹)
287 4285 322 4339 cl.
342 4283 479 4348 Keller,
504 4284 547 4348 ,de
572 4284 649 4337 verb.
675 4300 698 4336 c.
722 4299 839 4352 praepp.
865 4280 1091 4349 compositorum
1115 4281 1190 4350 apud
1209 4279 1325 4336 Lucret.

155 4364 214 4410 usu‘
237 4356 314 4427 (diss.
334 4356 429 4424 inaug.
448 4354 514 4411 Hal.
534 4353 695 4424 Sax.1880)
713 4371 762 4423 pg.
782 4357 798 4412 6
818 4352 887 4411 coll.
906 4351 949 4418 iis,
969 4367 1039 4422 quos
1062 4351 1113 4407 snb
1133 4356 1215 4406 textu
1233 4350 1325 4406 affert.
