2956 4838
612 203 810 263 ..7-

128 378 325 463 praepositio
349 378 473 461 scripta
496 383 558 457 est;
576 399 678 460 quare
700 399 740 442 ne
763 400 801 443 ea
821 378 953 461 quidem
969 398 1052 462 quae
1068 380 1207 463 protulit
1222 380 1300 445 huic

130 467 310 551 quaestioni
333 488 372 532 ex
397 468 485 531 omni
507 474 602 550 parte
626 466 802 531 sufficiunt.
816 467 839 552 ¹)

114 602 118 608 ·
213 553 280 622 sed
304 557 385 621 haec
408 557 578 635 hactenus;
603 564 705 620 restat
729 564 765 620 ut
789 558 901 638 paucis
925 557 1073 637 indicem,
1098 578 1162 639 quo
1187 557 1298 622 ordine

126 667 176 710 res
199 646 357 728 opusculo
388 666 459 709 meo
486 650 690 710 tractaturus
720 646 794 709 sim:
827 646 983 710 disseram
1014 647 1157 728 primum
1188 646 1227 709 de
1258 648 1298 710 iis

125 734 232 799 verbis
256 755 395 818 compp,
420 755 505 816 quae
529 755 601 798 cum
625 735 836 819 remotionem
859 734 909 798 vel
934 736 1172 817 separationem
1196 736 1296 818 signi·

27 905 31 909 ‚
122 822 230 903 ficent,
255 830 314 888 ant
329 846 403 887 curn
418 844 529 906 praep.
556 823 601 910 (a,
619 822 667 897 de,
686 824 740 905 ex)
764 830 1007 904 construuntur,
1033 830 1092 887 aut
1113 845 1184 887 cnm
1201 824 1297 888 nudis

120 912 265 994 casibus,
291 911 434 976 ablativo
458 913 508 976 vel
531 911 652 975 dativo.
684 909 787 995 Cujus
808 914 914 995 partis
937 914 1075 977 alterurn
1098 919 1199 995 caput
1222 935 1295 976 con·

121 1001 242 1066 tinebit
262 1001 363 1065 verba
378 1023 452 1065 cnm
474 1022 515 1081 ,a,
534 1000 583 1081 de,
601 1000 649 1064 err'
674 1022 808 1084 praepp.
828 1002 1016 1084 composita,
1041 1002 1180 1065 alterum
1197 1002 1295 1066 verba

120 1112 196 1154 oum
217 1111 299 1174 ,pro,
325 1090 394 1168 sub,
420 1089 480 1169 dis,
505 1111 563 1169 se,
588 1089 647 1154 re-’
664 1111 806 1172 oompp.;
831 1090 946 1154 deinde
963 1112 1001 1155 ea
1018 1090 1167 1155 tractabo
1184 1091 1293 1170 verba,

122 1179 304 1262 inquibus,
330 1200 403 1242 cum
419 1180 599 1262 composita
614 1180 680 1242 sint
696 1200 768 1242 cnm
789 1200 921 1262 praepp.
947 1179 1020 1261 „ad,
1045 1185 1129 1259 ante,
1155 1201 1224 1257 con,
1251 1181 1292 1259 in,

125 1269 217 1347 inter,
242 1267 295 1349 ab,
320 1275 403 1352 post,
427 1288 516 1350 prae,
539 1267 610 1349 sub,
628 1272 757 1350 super“,
782 1269 1018 1352 conjunctionis
1033 1270 1082 1333 vis
1100 1269 1182 1332 inest
1198 1290 1295 1351 qnae·

128 1378 189 1439 qne
211 1360 271 1421 aut
293 1357 492 1440 praepositio
516 1363 575 1421 ant
598 1355 728 1420 dativus
752 1358 909 1440 sequitur.
957 1356 1014 1421 Ad
1042 1361 1219 1423 extremum
1243 1378 1296 1420 ex·

129 1466 252 1528 ponam,
267 1467 428 1527 quaenam
440 1444 619 1509 verbacum
631 1467 764 1529 praepp.
775 1447 928 1526 „circum
943 1468 1009 1529 per,
1020 1452 1158 1528 praeter,
1169 1451 1293 1525 trans“,

129 1555 252 1618 compp.
272 1555 421 1616 quaeque
437 1536 584 1617 priorum
601 1535 746 1617 partium
763 1537 896 1618 proprie
920 1536 1130 1600 intransitiva
1150 1536 1295 1598 tramiti:

126 1644 196 1688 vam
209 1624 374 1706 accipiant
390 1624 454 1686 vim
475 1629 507 1687 et
521 1629 692 1706 propterea
708 1625 930 1688 accusativum
944 1625 1138 1689 adsciscant.
1164 1622 1295 1706 Appen-

124 1712 207 1777 dicis
230 1712 303 1777 loco
327 1718 483 1794 quartum
506 1712 649 1795 adjungo
673 1719 781 1796 capnt,
808 1734 872 1796 quo
897 1713 1012 1792 verba,
1046 1734 1130 1796 quae
1153 1713 1295 1794 regimen

123 1802 277 1884 ,aliquem
293 1801 405 1883 aliqua
422 1802 465 1865 re’
491 1801 680 1881 admittunt,
705 1807 743 1866 ut
765 1801 930 1883 „intendq
949 1803 1142 1885 adspergo“,
1169 1822 1295 1866 enume-

123 1897 261 1955 raturus
284 1912 365 1955 sum.
412 1888 590 1954 Praeterea
619 1890 680 1955 loci
709 1890 838 1975 aliquot
866 1892 1002 1956 tractati
1033 1891 1113 1974 quid
1137 1910 1296 1954 commen·

123 1980 252 2044 tatione
289 2000 362 2044 mea
396 1979 439 2044 H.
480 1979 678 2043 carminibus
714 1987 801 2044 recte
840 1980 1067 2064 intellegendis
1106 1978 1295 2064 profuerim,

124 2068 358 2133 demonstrant.

693 2267 728 2348 Ι.

439 2435 500 2503 De
527 2432 711 2503 ablativo
738 2434 984 2517 separative.

692 2620 733 2687 A.

253 2767 472 2834 Vertacum
495 2786 554 2849 „a,
578 2766 632 2846 do,
657 2766 729 2833 ox“
751 2783 896 2850 praepp.
921 2767 1126 2851 composita.
1140 2764 1167 2851 2)

673 2925 747 3011 §a

213 3067 371 3153 Sequitur
415 3067 546 3134 dativus
592 3066 774 3148 ablativus,
810 3069 1026 3152 praepositi03
1062 3067 1119 3133 sed
1150 3069 1227 3153 quia
1265 3076 1297 3134 ct

128 3159 241 3223 tertius
266 3163 300 3222 et
316 3164 427 3249 sextus
443 3178 666 3240 casus-parem
690 3157 846 3223 hahentes
871 3156 1096 3223 exitum-nude
1119 3159 1160 3221 iis
1183 3157 1295 3242 adjun-

127 3253 259 3331 guntur,
285 3266 514 3330 saepenumero
531 3245 664 3310 difficile
680 3252 729 3312 est
750 3247 942 3330 dijudicata,
967 3253 1043 3311 utra
1066 3253 1231 3312 structura
1254 3247 1295 3310 ab

123 3335 168 3403 H.
193 3335 344 3402 adhibita
367 3337 425 3415 sit3
449 3357 552 3417 quare
575 3340 612 3400 ut
635 3336 739 3418 legem
762 3335 926 3418 quandam
950 3357 1162 3419 normamque
1179 3358 1294 3420 cogno·

124 3446 255 3504 acerem,
281 3446 379 3508 quam
396 3429 526 3489 secutus
550 3430 648 3508 poeta
671 3423 771 3490 verba
794 3430 1011 3506 construeret,
1037 3425 1187 3508 equidem
1211 3426 1296 3489 hanc

122 3515 211 3580 viam
242 3514 409 3597 ingressus
441 3534 529 3599 sum:
567 3513 683 3596 collegi
714 3535 753 3578 ea
784 3513 943 3597 exempla,
981 3536 1065 3598 quae
1096 3514 1295 3578 dubitationi

124 3604 254 3669 omnino
269 3603 378 3667 locum
392 3623 457 3667 non
469 3602 637 3686 praebent,
664 3623 767 3686 eaque
780 3605 827 3668 ita
840 3605 925 3668 inter
938 3624 972 3668 se
984 3604 1116 3685 contuli,
1135 3609 1171 3669 nt
1184 3604 1293 3687 qualis

216 3816 239 3884 ¹)
259 3815 330 3870 alias
343 3815 556 3869 dissertationes
571 3815 605 3869 de
619 3834 645 3870 v.
659 3832 682 3869 c.
696 3816 850 3880 institutas,
870 3833 942 3883 qnae
956 3833 1052 3869 omnes
1071 3816 1100 3869 in
1119 3816 1294 3885 perficienda

123 3905 187 3941 mea
205 3888 447 3942 commentatione
464 3904 523 3939 non
541 3887 690 3955 neglectae
710 3892 784 3951 sunt,
804 3888 902 3940 attulit
920 3886 1046 3940 Keller
1065 3887 1117 3950 ,de
1137 3906 1162 3941 v.
1177 3908 1199 3940 c.
1219 3889 1295 3956 apud

122 3956 292 4015 Lucretium
310 3964 379 4013 usu“
405 3958 470 4011 diss.
496 3957 562 4011 Hal.
582 3962 617 4013 80
635 3976 682 4027 pg.
703 3962 718 4011 4
743 3976 807 4011 ann.
832 3958 933 4026 quibus
957 3957 1031 4012 adde
1051 3957 1295 4013 Schneemann

123 4029 177 4154 §de
196 4048 229 4155 ld
243 4047 307 4084 cum
326 4047 444 4100 praepp.
464 4045 576 4098 compp.
596 4029 672 4098 apud
692 4029 795 4084 Catull.
815 4029 920 4085 Tibull.
939 4029 1026 4098 Prop.
1045 4035 1205 4084 structura“
1225 4029 1293 4083 Hal.

146 4119 190 4157 ax.
230 4101 276 4158 iss.
295 4103 338 4157 81.

215 4187 240 4259 ’)
259 4190 295 4244 de
314 4188 476 4244 discrimine
494 4188 661 4258 principalis
680 4189 924 4258 praepositionum
937 4188 1062 4242 notionis
1075 4189 1118 4241 his
1132 4189 1225 4242 verbis
1245 4189 1293 4242 ad-

123 4263 274 4315 unatarum
299 4261 335 4315 cf.
362 4259 612 4330 Sclsnccmann¹
635 4260 653 4312 l.
680 4278 703 4313 o.
727 4278 775 4328 pg.
800 4264 831 4324 9,
856 4260 904 4313 ubi
929 4261 978 4313 alii
1003 4265 1205 4314 enumerantur
1228 4260 1293 4315 VV.

124 4327 202 4398 DD.;
227 4331 456 4387 deformatione
479 4331 631 4384 verborum
658 4349 768 4400 compp.
793 4330 849 4384 Hc.
882 4330 917 4385 of.
937 4331 1150 4386 Rothmaler
1176 4332 1228 4396 „dc
1246 4331 1294 4396 Η,

121 4400 288 4474 J'verbornrn
303 4403 482 4469 inventore“,
500 4401 564 4456 diss.
582 4402 678 4474 inaug.
697 4401 790 4456 Berol.
812 4405 880 4457 1863
898 4420 946 4473 pg.
965 4406 998 4457 32
1017 4419 1076 4470 sqq.

1050 4491 1089 4546 vt
