2956 4838
622 154 844 223 „59...

148 336 255 400 exstat
277 330 408 414 inserit3
446 328 510 399 Sed
534 334 617 416 ,tibi‘
641 334 797 399 hocloco
820 355 884 398 non
908 332 1012 399 dativi
1036 354 1117 416 soc,
1157 328 1222 399 sed.
1254 329 1322 400 dat.

149 446 261 489 comm.
286 425 355 488 vice
377 423 527 506 fungitur
550 424 680 510 (=prc
704 425 759 507 te),
786 430 819 487 et
845 424 1009 506 ,poculum
1032 424 1213 488 infundere‘
1237 423 1322 488 idem

148 514 214 578 fere
230 514 318 577 valet
335 535 373 576 ao
389 513 551 595 ,poculum
569 514 729 595 implere‘:
754 512 841 594 quod
854 513 896 579 D.
914 514 1013 577 etiarn
1029 535 1067 577 ex
1084 520 1236 595 sequente
1251 513 1322 577 loco

150 603 338 686 intellegere
362 603 483 685 potuit:
509 602 677 667 Sinoeruni
701 607 750 666 est
773 602 836 665 nisi
852 624 919 683 vas,
945 602 1161 685 quodcunque
1178 602 1322 666 infundis

150 693 284 772 acescit,
321 691 384 773 Ep.
409 691 428 754 Ι
453 696 504 777 254
539 691 592 776 (cf.
617 691 829 755 vernaculum
862 690 1062 774 „jemandem
1085 692 1137 756 ein
1161 692 1233 774 glas
1257 692 1322 756 ein-

149 783 275 863 giessen
288 813 331 833 =
345 778 620 865 vollschenken“).

171 911 174 914 >
238 869 380 957 (Eodem
406 869 502 933 modo
531 870 573 933 ab
597 869 642 933 H.
668 869 870 934 construitur
893 869 1049 953 infringo:
1086 869 1218 934 Limina
1241 869 1324 935 dura

150 960 268 1041 quibus
292 959 419 1023 lumbos
444 965 475 1022 01
499 959 617 1041 infregi
641 959 728 1023 latus
753 979 802 1041 ep.
830 959 930 1045 11„.)
944 959 968 1045 1)

239 1047 296 1134 14)
321 1049 523 1131 inspergo:
548 1049 638 1113 velut
654 1049 681 1111 si
697 1048 842 1130 Egregie
866 1049 1029 1132 inspersos
1053 1049 1229 1132 reprendas
1254 1070 1322 1113 cor·

150 1160 229 1220 pore
252 1159 370 1201 naevos
394 1136 427 1202 S.
453 1138 471 1200 Ι
496 1142 559 1223 607.

242 1226 296 1312 15)
321 1226 497 1294 obduco:
538 1226 711 1291 obducta.
737 1275 744 1289 .
770 1225 878 1291 fronte
913 1248 961 1311 ep.
1002 1233 1054 1314 135
1090 1228 1323 1312 (praegnanter

151 1316 282 1382 dictum.

243 1317 299 1489 16)
321 1406 472 1470 oblico:
497 1427 592 1488 quem
615 1403 791 1490 (socerum)
815 1406 960 1470 versibus
977 1404 1114 1472 Oblinat
1131 1407 1211 1471 atris
1228 1407 1323 1491 Epi

156 1499 247 1582 19303
271 1495 415 1559 Divitiae
438 1497 638 1579 peregrinae,
664 1494 782 1578 quibus
807 1495 928 1560 oblitus
953 1502 1045 1560 actor
1067 1493 1150 1560 Oum
1174 1498 1266 1562 stetit
1289 1498 1323 1562 in

151 1606 245 1648 scena
264 1584 332 1668 Ep.
349 1585 389 1647 Π
406 1591 485 1670 1204.

242 1674 296 1760 17)
321 1674 479 1738 obsero:
519 1695 578 1737 nec
615 1673 715 1737 variis
755 1673 863 1739 obsita
897 1673 1068 1740 frondibus
1104 1673 1172 1741 Sub
1211 1675 1321 1740 divum

150 1763 275 1846 rapiam
301 1760 340 1827 Ο.
365 1764 383 1826 Ι
409 1768 494 1848 1812.

240 1853 296 1938 18)
320 1853 470 1936 religo:
508 1852 548 1916 cf.
567 1854 585 1934 ξ
603 1856 637 1931 9;
672 1852 734 1917 Est
762 1852 901 1916 hederae
929 1855 976 1918 vis
1000 1855 1108 1919 Multa
1132 1876 1199 1936 qua
1223 1855 1321 1919 crinis

150 1942 292 2025 religata
314 1941 438 2024 fulges:
462 1939 662 2028 0.1V11,;
687 1942 884 2025 incomptam
899 1941 1071 2022 Lacaenae
1087 1965 1176 2008 more
1197 1965 1323 2008 comam

151 2031 322 2114 religatam
357 2031 442 2095 nodo
478 2031 540 2118 (sic
568 2052 626 2094 nos
663 2052 736 2095 curn
763 2030 830 2095 Btl.
862 2031 1025 2115 probante
1053 2033 1188 2098 Kellero
1221 2031 1320 2121 [eplg.

151 2142 204 2203 pg.
226 2118 321 2206 152])
346 2118 545 2206 0.1111„.

240 2213 296 2292 19)
322 2211 524 2292 succingo:
564 2209 643 2278 Vidi
679 2215 804 2294 egomet
839 2211 934 2294 nigra
970 2212 1167 2277 succinctam
1205 2212 1323 2278 vadere

151 2299 240 2381 palla
264 2297 438 2363 Canidiam
462 2297 494 2364 S.
519 2299 625 2384 1823.
1139 2308 1145 2313 ’

240 2388 298 2473 20)
323 2389 472 2452 subsuo
500 2388 555 2473 (cf.
579 2388 684 2453 Barta
708 2389 728 2452 l.
755 2411 781 2454 c.
807 2411 859 2474 pg.
885 2391 941 2473 25)
966 2389 999 2456 S.
1024 2390 1138 2478 1229:
1175 2390 1323 2475 Quarum

153 2477 289 2542 subsuta
312 2478 399 2542 talos
423 2483 514 2560 tegat
538 2479 651 2542 instita
673 2485 762 2543 veste
793 2479 850 2565 (,d.
868 2480 888 2544 i.
913 2481 1012 2544 vestis
1037 2482 1089 2544 cui
1113 2482 1251 2547 subsuta
1275 2487 1323 2546 031

153 2567 272 2647 instita,
298 2568 331 2630 in
348 2567 518 2632 ‘athnlicher
538 2569 770 2649 construction,
797 2569 856 2633 wie
871 2575 950 2651 toga
965 2575 1148 2652 praetexta‘
1163 2570 1323 2656 Krtiger.)

240 2659 296 2739 21)
321 2657 539 2721 circumdo:
566 2654 651 2721 Si..
671 2710 677 2722 .
696 2663 785 2739 petes
809 2658 896 2722 vallo
920 2659 1124 2723 circumdata
1149 2658 1181 2725 S.
1199 2660 1218 2724 Ι
1236 2665 1299 2747 296.

240 2746 298 2831 22)
323 2746 567 2810 circumlino:
592 2766 704 2810 musco
728 2746 912 2811 circumlita
936 2769 1015 2812 saxa
1038 2749 1102 2832 Ep.
1119 2748 1138 2812 Ι
1156 2753 1224 2834 107.

152 2923 181 2987 Ε
239 2835 298 2987 23)
322 2835 607 2900 circumrodo:
633 2836 689 2918 qui
713 2835 809 2900 dente
830 2834 975 2900 Theonio
992 2885 999 2900 .
1018 2886 1025 2900 .
1045 2887 1052 2901 .
1070 2839 1324 2903 circumroditur

183 2947 204 3007 p
239 3015 295 3097 24)
319 2972 546 3097 diffundo:
583 3013 740 3079 Perfusus
768 3006 903 3098 liduidis
921 3064 927 3078 .
947 3069 953 3080 .
973 3065 979 3079 .
998 3015 1155 3082 odoribus
1179 3015 1321 3104 O.15„;

151 3102 372 3167 Achaemenia
388 3103 549 3168 Perfundi
564 3104 667 3168 nardo
689 3105 782 3187 juvat
805 3109 945 3189 ep.13,5
970 3110 1146 3188 postquam
1171 3113 1220 3172 est
1234 3107 1322 3172 Italo

151 3192 303 3276 perfusus
328 3199 420 3258 aceto
445 3192 594 3278 8173,

240 3282 297 3368 25)
320 3283 578 3366 permulceo:
617 3283 669 3346 his
703 3281 810 3347 verbis
828 3290 964 3348 'vacuas
994 3286 1195 3367 permulceat
1225 3308 1320 3352 aures

181 3394 202 3455 p
240 3460 298 3547 26)
323 3421 501 3544 idersono:
527 3459 702 3544 Utcunque
725 3461 822 3543 dulci,
847 3461 1004 3547 Tyndari,
1029 3463 1141 3529 fistula
1157 3457 1270 3533 Valles
1291 3471 1323 3530 et

150 3549 283 3615 Usticae
299 3551 449 3616 cubantis
465 3550 567 3616 Levia
581 3571 777 3632 personuere
794 3572 872 3616 saxa
888 3550 927 3617 O.
944 3553 963 3616 Ι
981 3558 1022 3618 17
1024 3577 1072 3640 „3
1095 3554 1192 3619 simul
1208 3554 1323 3620 domus

151 3641 221 3707 alta
244 3640 399 3704 Molossis
422 3640 597 3704 Personuit
621 3640 755 3705 canibus
780 3639 813 3706 S.
830 3641 870 3705 Π
887 3647 967 3729 7115,

240 3728 299 3815 27)
322 3731 570 3813 perstringo:
606 3728 686 3794 Jam
716 3751 801 3794 nunc
830 3731 950 3796 minaci
972 3754 1138 3797 murmure
1167 3754 1323 3799 cornuum

152 3819 352 3903 Perstringis
376 3841 471 3884 aures
495 3817 671 3904 0111„

240 3907 298 3994 28)
321 3914 565 3992 pertergeo:
603 3929 687 3991 puer
715 3957 722 3972 .
748 3958 755 3972 .
785 3929 935 3975 acernam
969 3907 1123 3995 Gausape
1156 3934 1322 3998 purpureo

151 4020 294 4065 mensam
318 3999 473 4081 pertersit
497 3997 529 4063 S.
547 3997 587 4061 Π
603 4001 667 4083 811.

242 4232 264 4302 1)
283 4231 368 4301 plane
386 4230 484 4300 inepte
497 4226 533 4282 D.
553 4228 640 4283 etiam
658 4228 760 4294 verbis,
781 4228 882 4297 quibus
896 4229 1008 4285 dativus
1022 4230 1189 4302 adjungitur
1202 4216 1321 4306 compp,

150 4304 253 4360 inserit
273 4303 407 4369 ‚obturc‘:
429 4301 576 4368 „obturem
588 4302 701 4370 patulas
714 4302 830 4370 impune
842 4301 1005 4370 legentibus
1018 4309 1126 4370 aures“,
1145 4303 1199 4374 Ep.
1210 4304 1243 4359 Π
1256 4311 1322 4372 2105,

150 4377 201 4430 ubi
220 4374 400 4446 ,legentibus‘
421 4373 533 4426 dativus
553 4372 751 4443 (in)commcdi
770 4371 824 4426 est!
